2978 4984
476 445 548 516 682
760 447 804 514 na
824 444 1020 516 rorarent

386 562 906 666 etialitatcragantes,incl1amc
925 581 957 641 et
982 571 1096 641 fraeno
1120 581 1409 664 compescerem

389 687 424 758 in
440 688 505 759 via.
523 691 658 780 Pmpter
672 687 757 780 quod
774 707 854 780 opus
869 686 932 758 fuit
946 683 1085 768 homini,
1094 684 1219 778 duplici
1235 683 1409 766 dmertirc,

318 819 321 826 ’
386 803 561 876 secundum
585 788 749 896 duplicem
781 801 895 873 finem:
908 801 1043 872 scilicet
1072 821 1203 872 summo
1226 800 1407 880 Poatilice,

385 917 635 1012 qni'secundum
652 915 795 988 revelata
811 914 995 986 humanum
1019 936 1122 1010 genus
1147 914 1345 1007 perduceret
1367 911 1404 982 ad

383 1029 487 1102 vitam
504 1041 691 1110 aeternam
707 1038 739 1100 et
755 1033 968 1124 Imperatore,
986 1027 1045 1122 qui
1060 1028 1239 1100 secundum
1259 1026 1405 1097 annuo

383 1145 481 1240 plaica
496 1137 691 1216 dommcnta
707 1167 810 1238 genus
826 1129 1009 1216 humanum
1026 1143 1069 1215 ad
1085 1142 1311 1234 temporalem
1336 1141 1400 1212 stt

282 1327 283 1332 ,
385 1259 517 1330 citatem
534 1257 698 1352 dirigeret.
708 1259 752 1329 Et
767 1279 843 1330 cum
860 1259 900 1329 ad
918 1257 1005 1328 hunc
1025 1265 1154 1350 portum
1171 1257 1226 1326 rel
1242 1255 1340 1336 nulli,
1355 1253 1400 1322 rel

387 1371 534 1464 pa'nci‚et
550 1371 574 1440 ii
591 1393 666 1442 cnm
683 1369 871 1442 difficultate
887 1369 992 1442 nimia
1008 1369 1182 1464 pervenire
1198 1369 1335 1463 possint,
1344 1367 1401 1437 n‘si
1469 1351 1470 1362 ¹

385 1484 502 1559 sedatis
527 1484 679 1556 llnotiltns
703 1485 842 1557 blandae
868 1483 1068 1578 cupiditatis.
1093 1505 1197 1576 geum
1222 1481 1399 1552 humanum

385 1597 527 1670 liberum
545 1599 579 1669 in
596 1599 687 1694 pacis
702 1599 937 1694 tranquillitate
953 1598 1115 1692 quiescam
1131 1597 1194 1668 hoc
1208 1597 1336 1690 signum
1353 1609 1401 1666 eat

387 1710 477 1795 illud,
499 1715 541 1784 ad
557 1715 644 1808 quod
667 1708 812 1786 maxime
836 1714 932 1785 dehet
957 1713 1126 1784 intendere
1152 1723 1273 1784 curator
1293 1711 1393 1784 orbis.

387 1827 444 1922 qui
460 1828 758 1904 diciturltomanus
773 1821 934 1924 princeps,
944 1838 980 1900 ut
997 1829 1120 1899 ecssicet
1137 1828 1172 1898 in
1188 1827 1288 1898 areola
1303 1847 1393 1895 mor·

387 1939 504 2014 talium
534 1943 638 2016 libem
668 1967 743 2016 cum
774 1930 870 2037 pace
886 1940 1027 2014 vivatur.
1057 1943 1205 2036 Cumque
1236 1939 1388 2034 d'npuaitm

389 2057 504 2127 mundi
515 2057 616 2152 'hujus
632 2058 879 2152 dispositionem
897 2057 1122 2128 inhaerentem
1149 2057 1311 2127 caelnmm
1332 2056 1392 2126 cin

324 2223 328 2230 .
388 2171 759 2268 crrmlatinni'sequatur‚
783 2195 909 2244 necesm
926 2182 974 2242 est
990 2173 1032 2243 ad
1047 2171 1112 2242 hoc
1127 2181 1163 2242 ut
1188 2171 1284 2243 utdia
1304 2172 1396 2241 dom

388 2289 499 2356 menta
515 2284 676 2359 libertatis
692 2297 725 2358 et
741 2285 830 2381 pacis
855 2287 1027 2358 commoda
1051 2287 1132 2358 locis
1156 2296 1190 2358 et
1206 2285 1395 2380 temporibus

391 2399 605 2492 applicentur,
623 2401 684 2473 ista
700 2401 880 2496 dispensari
897 2387 1009 2473 abillo
1024 2402 1183 2472 Curatore
1199 2401 1259 2496 qni
1276 2402 1397 2472 totalem

267 2533 269 2536 ·
390 2515 557 2585 coelorum
575 2515 820 2619 dispositionem
830 2515 1090 2611 praesentialiter
1099 2515 1255 2586 intuetm.
1270 2517 1328 2587 llic
1340 2537 1394 2584 an-

387 2637 455 2700 tam
472 2639 520 2700 est
536 2627 621 2702 solus
637 2629 702 2712 illc,
718 2631 775 2725 qni
793 2631 878 2702 lranc
893 2630 1147 2725 praeordinavit,
1164 2641 1201 2702 ut
1218 2655 1277 2724 per
1298 2631 1391 2723 ipsam

388 2743 571 2838 pmridens,
587 2745 653 2816 suis
674 2745 843 2818 ordinibus
858 2769 1005 2841 quaeque
1031 2756 1246 2852 connecteret
1269 2743 1394 2834 mulsi

388 2858 434 2929 ita
451 2869 507 2943 est,
523 2860 608 2931 solus
623 2860 716 2954 eligit
732 2863 828 2943 llam,
844 2860 931 2930 solus
954 2861 1023 2955 ipse
1047 2863 1230 2943 confirmat,
1255 2885 1328 2933 cum
1349 2883 1394 2932 sn·

250 3043 253 3054 ,
387 2973 550 3066 periorem
577 2995 641 3044 non
667 2973 794 3045 lrabeat
820 2975 871 3044 Er
894 2995 959 3068 quo
984 2973 1099 3045 haberi
1125 2983 1229 3068 potest
1254 2973 1393 3050 ulterius.

387 3089 472 3182 qnod
491 3110 551 3172 nec
569 3087 620 3157 isti
637 3077 695 3183 qui
712 3111 808 3170 nnnc,
825 3111 884 3158 nec
901 3087 959 3160 alii
975 3089 1208 3184 cujuscumque
1223 3089 1314 3160 modi
1326 3085 1390 3158 dicti

387 3213 461 3272 mut
476 3201 647 3281 Electorea
665 3203 712 3274 sic
727 3195 955 3284 dicendi'sunta
970 3204 1050 3299 (prin
1068 3205 1175 3298 potius
1196 3204 1392 3275 denunciato·

387 3339 438 3388 ros
454 3316 585 3390 divinae
601 3316 826 3412 providentiae
850 3329 925 3388 stant
950 3317 1101 3390 habendi.
1127 3318 1224 3389 Unde
1248 3317 1294 3398 fit
1317 3315 1391 3411 quod

386 3428 562 3526 aliquando
579 3431 745 3524 patiantur
765 3425 944 3512 dissidium,
968 3431 1089 3526 quibua
1112 3431 1329 3503 denunciandi
1350 3429 1392 3500 di-

386 3544 495 3636 gnitas
509 3557 558 3616 est
573 3545 708 3618 indulta:
723 3547 776 3619 vel
793 3543 871 3640 quia
887 3567 1010 3626 omnes,
1027 3545 1081 3616 rel
1096 3545 1175 3641 quia
1192 3545 1325 3639 quidam
1346 3563 1393 3612 so·

388 3659 613 3737 rumnebnla
637 3659 824 3755 cupiditatis
847 3659 1064 3740 obtenebrati,
1087 3656 1222 3731 divinae
1245 3659 1391 3752 ‹lupenti-

387 3770 486 3842 tionis
503 3772 622 3844 taciem
640 3795 706 3846 non
722 3775 916 3847 discernunt
934 3774 1084 3868 sicergo
1094 3772 1287 3868 patetquod
1297 3779 1387 3842 aruc

389 3886 468 3960 ritas
484 3892 675 3983 temporalis
690 3885 899 3972 Monaml'rae,
916 3889 986 3962 sine
1001 3889 1071 3960 ullo
1096 3886 1217 3968 medio,
1242 3886 1278 3958 iu
1300 3886 1382 3978 ipm

388 4003 533 4079 dc‘l'onte
551 4005 745 4079 universalis
766 4005 967 4082 auctoritatis
991 4001 1163 4074 deseendit.
1188 4002 1254 4088 0ιί
1277 3997 1383 4096 quiden
