2890 4978
408 419 506 470 curua
531 417 694 472 ancarana
811 447 813 454 -
884 401 956 470 t85

118 529 240 602 Sumite
256 529 421 600 materiam
436 527 554 610 vestm,
571 526 626 618 qui
641 522 933 616 redditionem

52 642 274 830 &tyllam
299 756 335 828 in
360 754 410 836 iis,
425 779 512 853 quae
535 754 673 826 dicenda
694 764 880 835 occurrunt,
905 755 1059 829 debentne

51 871 235 946 dacmtione
252 872 361 966 potiri,
379 883 489 944 utrum
505 869 646 964 tragico,
662 870 732 941 eive
756 870 891 951 comino,
906 869 976 942 eive
992 872 1059 944 ele-
1143 933 1147 944 ,

52 989 134 1079 giaoe
149 987 215 1058 sint
233 988 386 1060 canenda.
402 989 464 1056 Per
482 985 710 1079 Tragoediam,
725 985 928 1078 superiorem
944 985 1057 1060 stilum

51 1100 213 1184 iudaicam,
231 1125 290 1196 per
306 1101 520 1172 Comoediam
537 1102 737 1183 interiorem,
756 1123 815 1194 per
832 1101 983 1194 Elegiarn
999 1103 1058 1174 sti-

49 1212 109 1286 lum
125 1216 338 1310 intelligimus
359 1215 563 1286 miserorum.
578 1215 614 1286 Si
633 1215 756 1307 tragice
774 1215 929 1286 canenda
944 1216 1058 1288 viden·

51 1339 103 1410 tur,
120 1339 196 1400 tune
213 1330 449 1400 adsumendum
465 1339 512 1400 est
529 1330 676 1422 Vulgare
693 1329 830 1410 lllustro,
847 1337 880 1400 ct
897 1353 956 1422 per
981 1353 1058 1402 oon-

51 1463 174 1536 eequens
189 1444 384 1516 Cantionem
401 1445 516 1538 ligare.
533 1445 568 1518 Si
592 1467 671 1516 vero
697 1444 832 1524 comice,
849 1453 928 1514 tunc
952 1469 1057 1540 quan·

52 1557 142 1651 doque
169 1560 341 1641 mediocre,
357 1559 550 1653 quandoque
576 1559 703 1630 humile
727 1559 874 1652 Vulgare
898 1571 1057 1642 anmanrrg
1205 1648 1207 1654 Ι

52 1675 153 1767 etejurs
169 1675 398 1745 discretionem
416 1673 450 1742 in
466 1682 585 1768 quarto
601 1674 700 1768 hujus
722 1696 924 1746 reservamus
949 1685 1058 1746 oeten·

52 1785 123 1858 dcre
139 1787 175 1860 Si
193 1798 302 1858 autem
321 1787 474 1880 elegiace,
490 1787 599 1856 solnm
616 1785 742 1857 humile
763 1808 822 1858 noe
847 1797 976 1880 oportet
1000 1797 1076 1858 su«'

53 1923 135 1972 nere.
152 1901 581 1982 sanctimoniae
605 1918 702 1981 nunno,
718 1908 754 1971 nt
779 1902 974 1972 conveniens
999 1911 1057 1986 cst,

52 2014 81 2084 de
94 2017 165 2088 etilo
179 2017 307 2110 tragico
322 2025 563 2110 pertractemus.
573 2015 669 2086 Stilio
678 2015 831 2109 equidem
840 2019 967 2111 tragion
977 2029 1055 2090 tunc

52 2130 394 2224 ntividemnr‚quando
405 2151 480 2202 cnm
490 2129 653 2223 gravitate
663 2128 850 2213 sententiae,
860 2140 1055 2224 tamsnper-

53 2243 97 2317 lia
111 2248 301 2328 carminum,
318 2269 420 2341 quarn
438 2244 686 2316 construction'n
710 2243 821 2327 elatio,
837 2255 870 2316 ct
894 2245 1057 2318 excellen-

52 2358 87 2428 tir
99 2348 333 2434 vocabulorum
351 2359 535 2430 concordat
545 2359 607 2430 Sed
624 2357 712 2454 quia,
722 2357 750 2428 si
766 2359 850 2430 bene
867 2359 1054 2442 recolimus,

52 2491 159 2544 nnuma
174 2473 313 2546 nunmie
329 2495 396 2544 esse
412 2473 522 2565 digna,
535 2472 609 2566 jam
635 2472 698 2544 fnit
723 2473 909 2565 probatam,
926 2483 958 2548 et
983 2473 1054 2556 isto,

53 2605 130 2678 quem
147 2589 312 2683 tragicum
328 2587 541 2684 appellamus,
558 2609 706 2660 summus
723 2588 937 2660 videturesse
961 2589 1055 2660 stilo-

53 2705 199 2782 remilla
225 2729 309 2800 quae
334 2726 461 2776 summe
486 2705 632 2774 canenda
656 2703 879 2784 distinximus,
896 2703 958 2772 isto
983 2704 1053 2778 eolo

52 2831 109 2890 mt
122 2821 209 2892 etalio
227 2821 383 2900 canenda;
399 2818 561 2898 videlicet,
580 2817 683 2898 Salus,
700 2818 806 2888 Amor
828 2827 861 2888 et
878 2818 1002 2897 Virtus,
1018 2829 1053 2890 et

52 2949 115 3020 qnae
129 2945 263 3028 propter
279 2926 326 3006 ea'
336 2932 549 3026 concipimus,
566 2933 645 3002 dum
663 2931 754 3002 nullo
779 2930 944 3023 accidente
969 2931 1054 3004 vile-

52 3059 129 3118 eant
145 3049 270 3120 Caveat
286 3071 366 3141 ergo
380 3046 531 3142 quilibet,
548 3055 581 3114 ct
596 3045 759 3116 discernat
783 3069 832 3126 ea,
858 3067 943 3144 quae
969 3043 1052 3116 tici-

53 3173 153 3243 nnzet
168 3161 302 3258 qnando
312 3160 378 3232 tria
395 3160 475 3232 haec
492 3178 573 3252 pure
590 3167 722 3230 cantare
740 3158 951 3241 intendituel
967 3179 1053 3252 quun

51 3271 125 3346 adea
140 3276 263 3348 directe
280 3284 313 3346 et
329 3297 409 3368 pure
424 3265 613 3369 ecqumtur,
632 3271 722 3367 prius
739 3273 897 3351 Helicone
914 3281 1053 3366 potante,

52 3391 126 3464 enm
141 3391 261 3464 tidihue
276 3391 427 3462 adsumat
442 3411 554 3460 secure
572 3389 741 3482 pleetmm,
751 3399 784 3461 et
794 3409 871 3458 cum
889 3407 982 3456 moro
998 3384 1052 3456 in·

51 3501 138 3597 apiae
154 3509 216 3582 Sed
234 3506 431 3587 mationem.
441 3513 539 3600 atque
556 3504 785 3576 discretionem
800 3502 895 3582 hanc,
905 3500 1054 3574 sicutde·

53 3632 99 3702 αι
117 3625 228 3704 lacere,
245 3622 309 3693 hoc
333 3643 424 3714 opus,
441 3629 474 3690 et
497 3618 594 3689 labor
618 3630 676 3702 est3
699 3617 858 3712 quoniam
883 3637 1052 3710 nunquam

51 3729 106 3804 tine
119 3737 303 3808 menuitate
319 3733 455 3829 ingenii,
472 3741 506 3806 et
521 3733 600 3806 artis
618 3733 813 3814 assiduitate,
823 3729 1051 3806 scientiarum·

51 3867 101 3937 qne
114 3849 222 3922 habitu
239 3850 308 3924 fieri
328 3859 440 3943 potat
451 3851 493 3919 Et
504 3848 529 3918 ii
537 3861 620 3929 eunt,
630 3871 712 3943 quoe
720 3851 819 3919 Poeta
829 3845 1051 3918 Aeneidonunr

52 3973 124 4034 texto
138 3965 268 4040 dilectos
285 3965 358 4048 Dei,
375 3975 407 4036 et
424 3965 468 4035 ab
486 3965 619 4036 ardente
645 3962 766 4048 virtute
790 3961 983 4036 sublimatos
1009 3957 1049 4032 ad

1196 891 1201 930 t
