2914 4982
478 425 550 494 55l
758 439 801 492 nr
817 439 1018 493 mannum

373 573 455 624 anm
471 555 572 646 qnam
587 569 647 642 par
671 547 773 641 plura,
799 550 895 635 Quod
917 548 966 619 sie*
980 535 1190 620 ¹¹declaratur:
1208 545 1260 622 Sit
1281 573 1394 632 unum,

375 689 435 760 por
449 665 534 760 rprod
551 662 682 757 aliquod
698 662 769 734 lieri
787 673 899 758 potest,
915 663 956 734 A
973 664 1016 733 Et
1031 663 1097 734 sint
1113 664 1219 757 plura,
1238 685 1297 758 per
1310 689 1392 760 qma

373 778 528 852 similiter
544 777 625 848 illud
641 776 711 847 lieri
728 779 924 871 potestAet
939 779 975 848 Β.
984 777 1020 849 Si
1031 799 1111 870 ergo
1121 777 1199 849 illud
1211 777 1393 875 idemqnol

374 893 411 964 ut
427 917 485 985 per
500 891 530 964 A
546 900 579 964 at
594 893 630 976 B,
647 901 751 985 potest
766 892 838 964 lieri
854 914 913 985 per
928 895 960 965 A
975 903 1115 976 tautum,
1132 893 1253 965 imma
1272 894 1322 964 ihi
1349 917 1398 964 aa·

372 1005 513 1078 rrrmitnr
527 1009 570 1086 133
594 1006 671 1100 quia
695 1029 738 1078 ex
762 1006 863 1099 ipsius
888 1006 1107 1099 assumptione
1131 1005 1217 1078 nihil
1241 1009 1395 1102 sequitu.

374 1141 452 1190 oum
467 1119 558 1213 prius
574 1119 655 1190 illud
671 1119 758 1192 idem
777 1120 877 1192 fishat
894 1141 953 1212 per
968 1121 1000 1191 A
1015 1121 1132 1195 solum.
1149 1123 1193 1191 Et
1219 1144 1301 1191 curn
1326 1145 1394 1192 om-

373 1233 425 1304 nis
440 1235 515 1306 talis
531 1233 708 1326 assumptio
723 1234 766 1304 sit
781 1235 891 1308 ociosa
906 1233 976 1306 sivo
991 1235 1166 1328 superflua,
1175 1245 1209 1306 et
1225 1257 1332 1308 omna
1346 1259 1393 1306 su-

373 1347 536 1442 pentum
554 1349 625 1417 Deo
641 1359 673 1418 et
689 1351 832 1420 Naturae
857 1347 1037 1441 displiceat,
1054 1359 1086 1418 et
1102 1369 1201 1419 omne
1218 1353 1311 1444 quod
1330 1353 1393 1420 lleo

369 1473 405 1532 et
420 1462 562 1534 Naturae
578 1460 726 1556 displioat
742 1463 785 1534 sit
800 1462 936 1544 malum,
945 1473 982 1532 ut
998 1461 1208 1534 manifestum
1224 1475 1275 1536 est
1291 1465 1334 1537 cle
1347 1489 1394 1546 ser

371 1575 523 1670 requitur,
539 1597 607 1645 non
622 1576 729 1646 solum
746 1577 865 1648 malins
881 1599 948 1646 ome
965 1575 1037 1646 lieri
1055 1599 1114 1668 per
1137 1579 1303 1660 unum,si
1327 1577 1393 1649 ten·

372 1695 484 1780 potest,
505 1711 607 1782 quam
632 1689 703 1760 fiori
720 1713 779 1783 per
794 1689 970 1783 plurazsed
987 1687 1058 1758 lieri
1075 1711 1134 1782 per
1149 1711 1257 1760 unum
1274 1699 1322 1760 est
1338 1691 1392 1760 bo·

331 1849 335 1856 ·
372 1823 463 1884 num,
481 1825 540 1898 per
565 1803 660 1895 plura
683 1801 877 1896 simpliciter
901 1802 1036 1874 malum.
1062 1801 1175 1873 Prima
1199 1826 1255 1873 rus
1279 1804 1391 1874 (licitur

369 1937 438 1986 erse
454 1917 582 2001 melior,
596 1911 658 2012 'por
671 1939 739 1989 esse
756 1917 973 2012 propinquior
987 1916 1144 2010 optimae,
1153 1927 1187 1988 et
1204 1919 1280 1988 linis
1294 1917 1385 1988 lalat

371 2029 534 2100 rationem
544 2031 692 2122 operati:
716 2031 772 2102 sed
797 2030 869 2102 liori
894 2051 1083 2122 perunum
1107 2039 1155 2100 ost
1180 2029 1386 2124 propinquius

371 2138 447 2220 unis
464 2164 543 2235 ergo
559 2153 606 2213 est
622 2142 747 2214 molius
764 2145 808 2214 Et
820 2143 909 2238 qnod
924 2141 967 2213 sit
983 2142 1207 2238 propinquius,
1226 2155 1313 2238 patet
1334 2143 1384 2214 aie.

371 2254 422 2328 Sit
438 2255 511 2326 linis
526 2256 562 2340 C,
579 2257 650 2329 fiori
668 2280 843 2351 perunum
860 2261 900 2342 A,
917 2280 977 2352 per
993 2259 1088 2352 plura
1102 2260 1134 2330 A
1149 2269 1182 2327 et
1199 2261 1235 2329 Β.
1254 2257 1387 2330 llaniia·

370 2379 456 2440 atum
472 2380 528 2452 est,
544 2372 631 2465 quod
647 2371 778 2466 longior
794 2381 842 2443 est
857 2372 914 2444 via
929 2372 973 2442 ab
990 2372 1022 2442 A
1038 2395 1096 2464 per
1118 2373 1145 2443 B
1170 2371 1206 2440 in
1231 2373 1270 2454 C,
1294 2391 1389 2467 qnam

372 2484 417 2556 ab
433 2487 463 2556 A
479 2495 606 2558 tantmu
624 2486 659 2556 in
674 2486 711 2557 C.
728 2489 791 2560 Sed
807 2486 991 2560 humanum
1008 2509 1109 2581 genus
1125 2497 1230 2580 potest
1246 2487 1316 2579 regi
1330 2507 1387 2579 prr

373 2623 476 2673 unum
491 2623 680 2694 supremum
697 2601 891 2694 prinoipem,
907 2601 964 2696 qui
982 2614 1030 2672 est
1046 2601 1240 2674 Monarelaa:
1257 2611 1383 2695 propter

372 2719 457 2813 quod
482 2719 718 2790 adsumendum
742 2741 829 2800 sune,
845 2719 931 2813 qnod
957 2739 1032 2788 cum
1056 2718 1186 2800 dieitur,
1211 2717 1385 2787 humanum

373 2858 476 2928 penus
493 2845 597 2928 potest
613 2834 683 2926 regi
701 2855 879 2927 perunum
903 2855 1091 2927 supremum
1116 2832 1311 2925 principem,
1326 2851 1386 2900 non

373 2947 420 3018 sio
430 2949 677 3042 intelligendum
687 2956 790 3028 estut
798 2947 939 3019 minima
944 2945 1071 3039 judicia
1081 2945 1314 3042 cujuscumque
1324 2969 1386 3016 nu·

375 3061 503 3152 aioipii
520 3062 563 3132 ab
580 3063 639 3132 illo
655 3083 721 3132 rano
738 3061 928 3132 immediate
952 3059 1082 3152 prodire
1107 3059 1246 3153 possint:
1263 3081 1337 3130 oum
1358 3067 1386 3126 et

376 3172 464 3266 legas
479 3173 694 3267 municipales
709 3176 903 3269 quandoque
918 3172 1079 3254 deficiant
1095 3181 1228 3266 etopus
1254 3173 1385 3244 labeant

376 3285 565 3370 ¹rlirootiona,
581 3297 617 3357 ut
632 3297 721 3382 putet
737 3311 796 3383 per
810 3287 1045 3380 Philosophum
1062 3286 1098 3354 in
1113 3285 1229 3381 quinto
1246 3287 1290 3358 ad
1299 3286 1385 3357 Niso·

377 3401 547 3484 maehum,
567 3399 1072 3478 rnerr‘aeeaooommsndantam.
1097 3401 1231 3472 Habent
1256 3419 1385 3494 namqu·

379 3516 537 3596 nationes,
553 3539 664 3610 ragno,
681 3527 714 3586 et
730 3515 889 3596 civitates,
906 3515 993 3586 intar
1015 3539 1049 3586 se
1075 3514 1301 3608 proprietates,
1315 3533 1384 3608 poss

379 3629 506 3722 legibus
515 3629 737 3701 differentibus
745 3628 888 3722 regulari
898 3638 1033 3723 oportet
1043 3627 1199 3698 Fstanirn
1209 3627 1274 3710 lar,
1284 3624 1383 3718 rapula

380 3741 539 3814 directisa
554 3744 651 3816 vitas.
667 3743 773 3816 Aliter
788 3743 907 3838 quippe
932 3742 1076 3838 regulari
1099 3751 1230 3834 oportet
1252 3741 1382 3836 septu

382 3854 439 3950 qni
464 3865 555 3928 axtra
569 3857 745 3952 septimum
761 3858 861 3930 clima
877 3858 1032 3940 vivemus,
1048 3865 1081 3930 at
1096 3878 1254 3950 magnam
1271 3856 1380 3927 uena

384 3980 416 4046 rt
432 3969 577 4049 noctium
593 3972 858 4072 inaequalitatem
884 3973 1052 4070 patientes,
1076 3971 1276 4056 intolerabili
1300 3963 1378 4065 qui
