2978 4984
495 435 568 508 628
596 429 598 436 ’
765 448 811 502 nu
834 445 1037 503 nonancurte

388 557 488 634 hahet
512 556 675 653 litigium,
700 563 737 628 ut
761 551 1038 652 quemadmodum
1065 551 1101 624 in
1126 551 1201 624 aliis
1224 547 1398 645 ignorantia

387 673 468 748 solet
483 699 551 746 esse
567 695 680 746 caussa
695 669 808 765 litigii,
825 672 873 742 sic
889 681 922 742 et
939 671 994 742 hio
1009 669 1159 764 litigium
1178 691 1295 740 caussa
1321 667 1399 762 igno-

335 855 338 862 .
386 787 514 868 tantiae
529 785 580 858 sit
598 785 727 880 llagnis
743 784 933 858 hominibus
957 807 1103 879 namque
1127 782 1271 854 rationis
1295 781 1399 850 iutuitu

386 901 589 976 voluntatem
606 899 881 994 praevolantibus,
892 899 953 969 hoc
969 921 1066 992 saepe
1084 895 1266 990 contingit:
1277 905 1312 964 ut
1327 893 1398 962 malt

387 1017 505 1098 all'eeti,
514 1013 640 1088 lumine
658 1013 794 1088 rationis
811 1011 1234 1110 postposito,affectuquasi
1252 1009 1399 1080 caecitra-

385 1130 517 1213 huntur,
527 1142 559 1202 et
570 1127 780 1225 pertinaciter
794 1149 891 1200 suant
900 1129 1255 1222 denegent'cecitatem.
1272 1123 1397 1200 Undefil

386 1268 550 1344 persaepe,
567 1245 652 1340 quod
678 1246 783 1316 solum
809 1244 932 1316 falsitas
949 1243 1188 1337 patrimonium
1214 1239 1341 1319 habeat,
1355 1237 1396 1308 tol

385 1359 532 1457 plerique
549 1371 584 1430 ut
601 1359 641 1429 de
658 1359 723 1430 suis
739 1358 889 1431 terminis
899 1357 1110 1452 egredientes,
1121 1379 1182 1450 per
1192 1353 1399 1427 alienacastrr

383 1463 576 1556 discurrant,
586 1469 644 1546 uhi
654 1472 739 1544 nihil
756 1471 974 1566 intelligentes
984 1471 1056 1566 ipsi,
1074 1471 1160 1542 nihil
1170 1469 1398 1564 intelligentem

386 1605 418 1664 et
434 1589 678 1685 sic'provocaut
693 1573 851 1684 quosdam
869 1588 910 1658 ad
927 1585 1023 1668 iram,
1033 1589 1192 1681 quosdam
1208 1585 1249 1658 ad
1268 1581 1397 1676 indigna·

383 1707 520 1786 tionem,
530 1700 703 1777 nonnullos
713 1703 752 1774 ad
764 1701 875 1774 risum.
884 1698 990 1795 lgitur
1006 1711 1121 1772 contra
1136 1700 1315 1775 veritatem,
1323 1717 1394 1790 quae

248 1837 252 1846 '
386 1815 564 1912 quaeritur,
580 1817 644 1890 tria
670 1817 843 1888 hominum
869 1835 989 1909 genera
1015 1813 1162 1886 maxime
1188 1815 1390 1884 collaetantur.

384 1937 539 2004 Summus
556 1951 698 2024 namque
707 1929 867 2010 Pontifex,
878 1928 1011 1999 Domini
1031 1927 1132 2000 nostri
1150 1930 1231 1998 lesu
1248 1923 1329 1996 cristi
1337 1919 1390 1992 lli·

386 2041 509 2126 carius,
526 2056 557 2116 et
575 2041 662 2114 Petri
679 2063 856 2126 successor,
875 2040 927 2114 cui
946 2065 1011 2116 non
1028 2040 1185 2136 quicquid
1204 2039 1333 2118 Christo,
1346 2033 1392 2107 sed

393 2155 548 2252 quicquid
566 2159 662 2228 Petro
678 2154 845 2238 dehemus,
862 2157 930 2228 zelo
948 2155 1082 2228 tortasse
1098 2155 1263 2234 clavium:
1273 2177 1326 2224 nec
1341 2171 1394 2219 non

387 2269 446 2342 alii
465 2273 664 2344 Graecorum
681 2271 920 2344 cristianorum
939 2283 1091 2364 pastores,
1108 2281 1140 2342 et
1158 2270 1229 2352 alii,
1246 2291 1320 2366 quos
1334 2289 1392 2336 cre·

387 2387 431 2458 do
444 2385 517 2457 ‘zelo
534 2385 604 2458 solo
621 2385 737 2458 aratris
755 2386 922 2458 Ecclesiae
941 2386 1137 2480 permoveri,
1155 2385 1296 2466 veritati,
1309 2401 1394 2478 quarn

385 2511 570 2573 ostensurus
585 2523 669 2582 sum,
680 2502 719 2572 de
736 2499 807 2578 mlo
825 2503 933 2574 lorsan
953 2501 1005 2593 (ut
1022 2500 1107 2593 dixit
1127 2524 1193 2572 non
1204 2497 1393 2594 dampethit.

386 2615 624 2687 contradicunt.
639 2615 783 2701 Quidam
801 2633 880 2686 vero
898 2615 967 2696 alii,
984 2635 1124 2710 quorum
1140 2613 1297 2686 obstinata
1311 2605 1389 2700 cupi-

387 2727 473 2798 ditas
490 2728 603 2799 lumen
621 2727 761 2798 rationis
778 2728 926 2810 extinxit,
944 2739 976 2798 et
993 2729 1071 2799 dum
1097 2753 1138 2798 ex
1164 2741 1256 2822 patre
1277 2721 1391 2796 diaholo

386 2853 470 2922 sunt,
490 2823 655 2912 Ecclesiae
671 2865 705 2912 se
722 2838 808 2914 lilios
834 2865 901 2912 esse
925 2841 1050 2921 dicunt,
1068 2863 1133 2912 non
1160 2843 1265 2914 solnm
1289 2839 1319 2909 iu
1340 2837 1391 2904 hac

383 2955 573 3049 quaestione
583 2955 731 3049 litigium
749 2963 895 3038 movent,
911 2957 966 3026 sed
984 2954 1196 3026 sacratissimi
1210 2953 1392 3046 Principalis

381 3067 580 3142 vocabulum
598 3067 819 3152 abhorrentes,
829 3071 1035 3164 superiorum
1054 3070 1282 3164 quaestionum
1298 3081 1328 3138 et
1343 3065 1390 3134 hu·

377 3185 433 3278 jus
451 3183 617 3276 principia
635 3183 844 3278 impudenter
861 3195 1027 3277 negarent.
1052 3187 1135 3256 Sunt
1159 3195 1192 3254 et
1218 3183 1312 3262 tertii,
1327 3197 1391 3274 quot

381 3295 613 3370 Decrefflistas
629 3309 757 3380 vocant,
777 3296 976 3392 Theologiae
1001 3319 1041 3370 ac
1067 3295 1291 3392 Philosophiae
1315 3291 1390 3387 ruju-

385 3410 483 3484 slihet
501 3411 594 3482 inscii
613 3422 645 3483 et
662 3423 818 3506 expertes,
828 3412 885 3506 qui
902 3412 968 3484 suis
985 3410 1211 3484 Decretalihus
1223 3413 1312 3506 (quas
1328 3427 1390 3500 pm·

385 3530 471 3598 lecto
488 3530 690 3600 venerandas
707 3527 878 3622 existimo)
896 3538 965 3598 tota
982 3525 1164 3598 intentione
1180 3525 1292 3608 innisi,
1307 3517 1390 3594 deil-

383 3640 492 3740 larum
521 3641 743 3735 praevalentia
769 3643 866 3712 crudo
891 3653 1066 3736 sperantes,
1082 3641 1230 3736 lmperio
1245 3641 1387 3730 derogant

385 3753 453 3826 Nec
471 3754 607 3839 mirum,
625 3779 700 3826 cum
716 3756 789 3850 jam
806 3755 993 3826 audiverim
1009 3756 1188 3851 quemdam
1206 3755 1246 3826 de
1270 3752 1328 3824 illis
1347 3747 1388 3816 di·

387 3878 527 3952 centem,
544 3877 577 3939 et
602 3869 785 3963 procaciter
810 3879 1016 3952 asserentem,
1032 3869 1223 3948 traditiones
1247 3862 1383 3940 nelma

383 3981 459 4056 lidei
477 4005 545 4056 esse
556 3983 816 4072 tundamentum.
826 3987 920 4070 Quod
937 3983 1072 4080 quidem
1088 3985 1189 4068 aclas,
1199 3985 1238 4056 de
1253 3975 1381 4076 opinion·
