3082 4984
506 427 579 498 812
831 441 1016 494 nrrsronnn

399 553 586 626 recordetur
595 561 627 622 et
636 553 827 620 contentum
844 554 1058 626 tenetsormo
1068 557 1178 618 tamen
1188 548 1302 621 delicit
1312 551 1416 646 (llll

396 666 501 737 Multa
517 685 660 758 namque
684 682 743 755 per
768 657 969 732 intellectum
993 660 1152 744 videmus,
1175 663 1302 756 quiem
1327 665 1419 760 signa

337 765 340 774 ’
395 779 525 852 vocalia
548 779 678 858 denum
695 777 781 871 quod
806 773 883 844 satis
908 774 1001 846 Plato
1027 775 1171 848 insinuat
1188 777 1223 846 in
1240 779 1311 850 mis
1326 781 1422 852 libris

399 917 458 988 per
475 891 728 986 assumptionem
739 886 1068 980 metaphorismonrm
1086 888 1315 983 (1⁴3).llnlta
1331 893 1422 964 enirn

394 1029 453 1100 per
468 1009 579 1078 lumen
595 1003 813 1076 intellectuale
830 1000 923 1083 vidit,
939 1026 1024 1098 quae
1038 1025 1188 1074 nemone
1204 1005 1348 1098 proprio
1364 1029 1421 1077 ue-

395 1121 468 1216 quit
484 1119 677 1213 exprimere.

471 1349 530 1416 29.
546 1348 661 1418 Postea
676 1339 764 1425 (licit,
780 1365 811 1412 se
828 1343 987 1414 dictorum
1003 1345 1063 1414 illo
1077 1366 1157 1435 pone
1171 1345 1212 1414 «te
1226 1367 1329 1436 reputo
1352 1367 1419 1414 one·

396 1461 466 1532 loeti
481 1459 615 1530 retinere
628 1460 741 1550 potnit,
751 1469 782 1528 et
798 1457 861 1528 hoo
876 1457 957 1529 dicit
973 1481 1040 1528 ense
1055 1461 1221 1530 mortum
1236 1465 1419 1553 soioperir:

393 1599 479 1671 qnee
495 1575 607 1671 qualia
622 1573 687 1644 siut
702 1583 736 1644 et
754 1582 884 1668 quanta,
902 1572 938 1644 in
969 1583 1062 1668 porte
1087 1577 1255 1648 exmntira
1280 1577 1421 1671 patebit

473 1806 531 1874 30.
547 1801 673 1874 Deinde
688 1825 787 1896 qtrnm
802 1801 882 1873 dicit
900 1803 930 1874 0
946 1803 1022 1872 bone
1037 1803 1153 1894 Apollo
1175 1815 1227 1874 ete
1248 1805 1327 1874 iacit
1353 1807 1411 1876 in-

363 1931 365 1938 ’
394 1917 602 1990 rotationem
618 1939 721 1990 suam
737 1918 780 1991 Et
795 1916 951 1988 dividitur
968 1916 1030 1986 ista
1047 1939 1123 2009 pars
1140 1917 1173 1986 in
1194 1929 1298 2010 partes
1312 1919 1411 2000 luas:

395 2031 432 2102 in
457 2033 566 2125 prima
590 2032 772 2105 invocando
797 2031 885 2124 petit,
911 2030 946 2101 in
971 2031 1112 2104 morula
1127 2033 1240 2104 suadet
1266 2033 1412 2126 Apollini

395 2145 586 2239 petitionem
604 2147 734 2226 factam,
751 2144 1047 2217 remunerationem
1063 2145 1231 2239 quandem
1251 2169 1418 2237 praenun-

394 2258 491 2341 tians,
507 2271 540 2332 et
556 2255 672 2353 inoipit
688 2259 829 2330 secunda
843 2281 918 2352 pars
934 2259 1042 2332 ihiao
1057 2260 1169 2329 divim
1182 2259 1297 2330 uitus
1307 2261 1420 2331 Prim

395 2393 471 2464 pars
495 2371 652 2444 dividitur
677 2371 712 2443 in
737 2382 842 2465 partes
866 2373 962 2444 tinas:
979 2373 1014 2442 in
1039 2372 1149 2466 prima
1167 2371 1247 2465 petit
1265 2371 1419 2444 (livinum

395 2485 569 2568 auxilium,
580 2485 616 2556 in
630 2488 771 2560 meando
787 2487 891 2581 tangit
908 2486 1132 2558 nenessitatem
1149 2511 1226 2558 mae
1239 2487 1416 2580 petitioni,

396 2602 484 2696 qnod
500 2611 548 2672 est
559 2600 740 2694 justificare
750 2601 914 2694 ipsammet
930 2600 1048 2693 insipit
1064 2601 1111 2672 ibi
1123 2601 1419 2696 (¹4¹)211W

395 2715 534 2786 alterum
546 2712 661 2806 jopem
679 2705 844 2786 renuet

473 2831 530 2898 31.
540 2827 849 2900 Haeooetsontentia
858 2828 1014 2900 tenendae
1023 2828 1126 2921 partis
1135 2828 1267 2923 prologi
1279 2829 1417 2924 ingene·

394 2941 469 3023 rali;
479 2941 513 3012 in
530 2941 662 3035 speciali
678 2963 756 3012 vero
772 2963 837 3011 non
848 2963 1008 3034 exponam
1019 2941 1115 3034 (llio)
1127 2943 1167 3012 ad
1179 2963 1343 3035 praesens
1352 2944 1419 3014 lir-

393 3063 450 3150 get
466 3055 555 3127 enim
572 3080 626 3130 me
643 3055 688 3126 rei
708 3055 878 3128 familiaris
895 3057 1054 3151 eugrrstia,
1066 3067 1102 3129 ut
1112 3054 1195 3127 haee
1205 3069 1238 3128 et
1247 3059 1316 3130 alia
1326 3057 1418 3130 nulia

395 3170 596 3264 reipublicae
612 3171 834 3266 derelinquere
843 3180 1000 3266 oporteat
1017 3173 1080 3244 Sed
1096 3192 1191 3264 spero
1207 3172 1250 3244 tle
1267 3171 1415 3264 magnil-

394 3285 1419 3381 oentievestra,utn1iterhnbeaturprooedenrlindutrlemexpo-

392 3402 547 3476 sitiouem
558 3403 947 3496 nenueDepartevere
956 3401 1135 3483 execution
1144 3425 1231 3496 quae
1241 3401 1421 3473 initlirisa

395 3529 511 3589 eontra
526 3525 632 3588 totum
651 3515 836 3609 prologum,
853 3537 913 3586 neo
928 3514 1103 3587 dividendo
1118 3537 1180 3586 neo
1193 3513 1422 3587 sententiando

394 3631 574 3726 quidquam
597 3631 724 3702 dinetur
740 3629 959 3722 adpraesens,
976 3627 1038 3698 nisi
1056 3627 1135 3710 hoo,
1150 3627 1239 3722 quod
1256 3627 1305 3696 ibi
1325 3627 1422 3718 (llo)

394 3747 589 3838 procedetur
613 3743 812 3816 osoendendo
838 3741 877 3816 de
902 3741 994 3812 ooelo
1011 3741 1046 3812 in
1080 3741 1227 3820 eoelum,
1252 3751 1288 3812 et
1303 3739 1421 3810 retiu-

396 3855 485 3928 bitur
495 3860 536 3932 de
545 3856 719 3930 animabus
728 3855 840 3940 beatis,
850 3855 990 3927 inventis
1005 3855 1041 3926 in
1059 3855 1156 3949 (1⁴7)
1173 3851 1416 3948 quolnetorle

395 3984 428 4046 ot
453 3973 540 4078 qnod
567 3974 664 4068 (ll8)
683 3997 762 4048 vera
789 3971 844 4048 illa
861 3970 1040 4044 'beatum
1065 3969 1100 4040 in
1117 3967 1300 4042 sententiae
1323 3967 1412 4058 (tte)
