2890 4978
497 389 571 468 'tra
709 413 752 466 ns
776 413 924 466 sunnam
950 409 1092 474 monnio

397 546 501 594 amum
519 531 646 616 oportet
662 544 739 604 esse,
754 541 820 614 qno
835 515 963 611 generis
979 495 1066 590 iilirn
1080 515 1193 588 omnia
1217 539 1381 612 eomparen-

400 649 463 719 tur,
479 648 511 708 et
530 637 755 730 ponderentur.
770 643 803 702 et
812 632 903 702 illinc
913 631 1054 702 alionum
1063 629 1214 701 omnium
1223 653 1379 702 memorem

1417 293 1419 346 t

397 749 607 844 accipiamus,
616 749 697 820 sicut
714 749 749 817 in
764 765 902 818 numero
918 755 1034 818 cuneta
1052 753 1274 816 mensurantur
1288 757 1379 824 unna
1419 805 1420 810 ,

400 862 504 956 ptura,
520 863 573 932 vel
591 861 744 956 pauciora
760 860 920 941 dicuntur,
936 859 1116 932 mundum
1132 860 1219 954 quod
1234 857 1379 930 distentat

397 993 474 1058 uno,
493 976 546 1046 vel
562 974 592 1046 ei
611 975 893 1070 propinquantEt
909 971 955 1042 sic
973 973 1008 1044 in
1026 972 1193 1044 eoloribus
1207 994 1311 1041 omnes
1324 970 1380 1040 alto

400 1101 639 1160 mensurantur.
655 1113 734 1160 nam
759 1088 904 1160 visibiles
929 1087 1036 1181 regn
1060 1087 1224 1168 dicuntur,
1239 1095 1269 1155 et
1291 1085 1379 1156 minut

399 1202 578 1274 seeundum
596 1203 681 1296 quod
697 1203 862 1286 accedunt,
878 1201 931 1272 vel
957 1202 1119 1274 renednnt
1136 1201 1180 1272 Et
1203 1197 1380 1294 qnematnn·

399 1313 482 1386 dum
498 1315 538 1384 de
556 1316 596 1386 iis
611 1316 761 1398 dicimus,
777 1339 862 1410 quae
877 1316 1105 1410 quantitatem,
1122 1325 1155 1388 et
1170 1314 1340 1410 qualitatem
1352 1331 1378 1378 n·

398 1430 561 1510 stendunt,
570 1432 611 1502 de
622 1432 960 1525 praedicamentorum
978 1430 1135 1526 quolibet,
1144 1441 1177 1500 et
1192 1430 1231 1500 de
1239 1423 1379 1498 minante
1420 1461 1421 1506 ι

401 1565 495 1638 posse
510 1545 576 1616 diei
593 1557 755 1642 pommus,
770 1545 893 1617 seilicet
909 1546 994 1640 quod
1012 1568 1115 1616 unum
1131 1544 1379 1638 quodquememn·
1420 1543 1421 1560 ¹

403 1659 508 1730 rabile
523 1659 566 1731 sit
581 1661 758 1732 secundnm
774 1662 861 1754 quod
879 1660 914 1730 in
930 1683 1049 1761 genere
1073 1671 1122 1732 est
1148 1659 1215 1740 illo,
1230 1655 1305 1752 quod
1323 1652 1379 1722 tin·

404 1770 619 1866 plicissimum
636 1785 683 1846 est
698 1773 733 1846 in
750 1774 821 1870 ipso
835 1795 965 1868 genere.
981 1777 1054 1862 Οιιιι
1071 1784 1206 1868 propter
1223 1771 1256 1842 in
1277 1763 1379 1842 animi·

406 1884 466 1956 ltus
482 1887 608 1968 nostris,
625 1895 922 1982 quantamcumque
938 1887 1129 1960 dividantur
1146 1885 1180 1956 in
1203 1882 1318 1978 spectet
1335 1876 1377 1946 Μ

403 1995 536 2090 signum
554 1998 695 2072 inveniri
711 2011 924 2096 oportetque
941 2009 973 2072 et
991 2001 1081 2096 ipsae
1097 2006 1377 2074 mensurenttn'.¹ttm

394 2110 441 2180 in
459 2123 616 2206 quantum
632 2114 825 2210 simpliciter
841 2128 876 2186 ut
887 2115 1035 2188 homines
1043 2111 1325 2210 agimmvirtutem
1337 2103 1378 2174 ta

408 2223 531 2310 bemus,
542 2237 578 2297 ut
593 2229 788 2322 generaliter
798 2229 892 2301 illam
910 2229 1142 2324 intelligamus
1153 2249 1227 2300 nam
1241 2217 1378 2296 menmium

407 2334 514 2430 ipsam
532 2339 653 2414 bonum
664 2353 695 2414 et
706 2344 831 2417 malum
841 2344 1212 2440 hominemjudieamus
1222 2339 1380 2430 inquantum

409 2459 444 2522 ut
470 2451 619 2528 homines
643 2459 730 2530 nives
754 2459 892 2552 agimus,
916 2459 1077 2532 habemus
1101 2460 1219 2553 legem,
1239 2445 1379 2524 matun

404 2591 508 2662 quam
525 2571 645 2642 dieitur
661 2574 742 2645 civis
758 2575 903 2646 bonuset
914 2573 1071 2646 maluoin
1087 2585 1242 2670 quantum
1254 2573 1283 2636 ut
1294 2553 1381 2630 mmi-

408 2705 465 2754 nes
481 2685 590 2756 Latini
606 2687 744 2781 agimus,
759 2690 921 2782 quaedam
940 2689 1100 2760 habemus
1117 2677 1331 2780 simplicissima
1347 2669 1380 2740 ti·

407 2821 484 2888 gna
500 2809 533 2868 et
550 2823 691 2882 morum,
708 2811 740 2871 et
757 2801 940 2886 habituum,
957 2811 990 2872 et
1005 2794 1303 2892 locutionisqnibus
1315 2779 1380 2856 11¹5·

410 2933 472 2983 nae
489 2913 630 2986 actiones
640 2916 868 3008 ponderantur,
878 2926 910 2986 et
927 2927 1166 2988 mensurantur.
1182 2915 1266 3000 Quae
1278 2899 1379 2998 quiden

412 3027 617 3102 nobilissima
626 3041 700 3101 sunt
716 3053 842 3114 earum,
855 3053 942 3126 quae
952 3030 1146 3104 Latinorum
1154 3036 1235 3106 sunt
1243 3018 1379 3092 ΜΨ

413 3139 495 3212 leaeo
505 3143 625 3214 nultius
641 3144 782 3216 civitatis
798 3145 912 3218 ltaliae
922 3145 1056 3241 propria
1069 3141 1214 3226 suntsed
1224 3139 1255 3208 in
1263 3125 1380 3203 omnibu

414 3258 881 3356 eommuniasunuinterqtme
898 3283 984 3332 nunc
1001 3271 1106 3355 potest
1127 3251 1257 3331 diseerni
1271 3244 1380 3362 vuum

411 3373 500 3466 qnod
516 3374 664 3468 sanemus
675 3374 888 3458 seminamur,
904 3375 991 3470 quod
1010 3373 1044 3444 in
1061 3373 1205 3468 qualibet
1228 3359 1331 3436 redolet
1347 3371 1380 3416 u·

415 3487 525 3572 nitate,
543 3513 603 3562 nec
627 3492 726 3565 cubat
751 3493 785 3564 in
810 3491 888 3562 ulla:
905 3500 1009 3584 potest
1033 3502 1144 3562 umen
1169 3477 1267 3574 mugit
1287 3472 1314 3542 5⁸
1334 3481 1380 3534 '¹¹¹⁸

412 3625 514 3696 ιιιιιιιι
532 3605 568 3677 in
583 3606 650 3679 alia
659 3607 813 3690 redolere,
822 3607 906 3677 sieut
914 3603 1155 3700 simplicissima
1162 3585 1379 3700 subitum}

410 3739 501 3810 quae
516 3719 605 3792 Deus
621 3733 677 3804 est,
693 3722 751 3817 qui
769 3720 804 3792 in
830 3719 965 3792 homine
988 3717 1096 3812 magis
1119 3712 1244 3789 meoet
1257 3717 1340 3824 (ΙΨ
1357 3705 1380 3754 ¹³

418 3830 825 3931 brutozinanimali,quam
836 3835 871 3906 in
881 3834 1001 3928 piamen
1012 3832 1047 3906 in
1057 3816 1380 3926 haoqnaninffl

417 3945 647 4044 antequam
659 3948 803 4022 inmeiat
816 3947 1060 4044 inigne,quam
1077 3945 1111 4016 in
1128 3956 1218 4016 ῑοπι
1233 3935 1270 4004 Et
1286 3911 1382 4006 ⁵5¹⁰ss
