2890 4978
500 389 573 459 triu
712 405 926 460 urrunnun
952 405 1096 468 aroanna

285 577 290 588 ,
395 536 480 590 nuno
490 517 731 612 personattube
747 516 917 588 noviuimi
934 507 1412 610 Friderioitquidtintinnabu·

393 627 1410 726 iumll.Caroli?quidoornmlolrannmtrlzzoniallarclnio·

392 767 473 820 num
484 733 667 841 potentum?
683 746 763 842 quid
779 745 920 816 aliorum
932 743 1253 842 Magnatumtibiae?
1264 745 1342 824 nisi,
1354 747 1409 816 l’e·

392 863 468 942 nite,
485 862 660 942 cernitioea,
670 861 792 932 venite
806 859 991 954 altriplioee‚
1001 859 1131 941 Venite,
1141 859 1306 931 avaritiae
1315 873 1408 929 seru·

392 989 486 1047 tores.
497 977 559 1048 Sed
577 987 719 1070 praestat
735 975 775 1046 ad
793 974 996 1070 propositum
1007 977 1172 1068 repedare,
1182 998 1287 1070 quam
1300 975 1408 1046 frutra

392 1086 492 1186 loqui:
509 1100 542 1162 et
556 1089 707 1172 dicimur,
729 1087 816 1184 qnod
841 1088 869 1158 ai
894 1087 1031 1181 vulgare
1048 1087 1244 1160 sicilianum
1268 1089 1408 1180 accipere

389 1206 552 1288 volumno,
560 1201 1356 1300 soiliootanulproditaterrigeniamodioaibm‚
1368 1227 1403 1274 ex

391 1341 449 1390 ore
469 1341 611 1414 quorum
630 1317 793 1413 judicium
816 1317 1013 1389 eliciendam
1039 1317 1179 1400 ridetur,
1203 1317 1407 1412 paehtioeir

393 1434 533 1506 minime
544 1436 687 1526 dignum
704 1445 761 1504 eet
777 1434 856 1530 quia
872 1434 1016 1506 noneine
1025 1431 1169 1528 quodam
1180 1443 1406 1528 temporepro·

394 1549 506 1629 fertur,
524 1558 560 1618 nt
578 1551 656 1641 puta
674 1546 735 1617 ibi:
936 1546 939 1552 ’
1051 1552 1055 1564 “

406 1720 411 1728 .
448 1661 610 1754 Troppmi
623 1663 719 1734 &erto
734 1661 852 1753 semro,
869 1684 900 1730 ae
917 1661 1005 1730 teau
1021 1684 1043 1730 o
1059 1663 1224 1734 uterere.

442 1777 478 1850 Si
496 1775 731 1870 autem'ipenrn
747 1776 897 1868 recipere
914 1776 1076 1856 nolumus,
1093 1779 1147 1848 aed
1172 1779 1261 1872 qnod
1284 1775 1326 1848 alr
1349 1797 1405 1844 ore

391 1892 577 1986 primorum
595 1891 782 1962 Siculorum
799 1883 942 1968 emanat
952 1900 988 1962 ut
1005 1888 1282 1985 inpraeaflegatts
1290 1889 1404 1962 nuntio

391 2003 488 2074 nibus
505 2003 658 2097 perpendi
678 2013 790 2096 potest,
807 2003 891 2074 niln'l
907 2001 1015 2074 differt
1033 2003 1078 2074 alr
1095 2001 1169 2086 illo,
1185 2006 1275 2099 quod
1301 2006 1401 2077 laula-

391 2115 589 2189 biliasirnum
606 2129 662 2200 eat,
678 2119 761 2189 sient
779 2118 913 2188 interius
930 2120 1140 2192 ostendimur
1156 2122 1256 2214 Apuli
1274 2145 1399 2216 quoqu,

390 2233 443 2303 vel
461 2258 482 2303 a
497 2234 547 2303 sui
566 2233 751 2314 acerbitato,
769 2233 823 2304 vol
846 2231 1063 2305 finitimorum
1089 2255 1224 2306 suornm
1251 2237 1399 2328 contigui-

389 2358 465 2427 tate,
490 2347 547 2441 qui
566 2347 719 2430 Romani,
735 2359 768 2418 et
785 2345 969 2418 Meroliani
995 2357 1078 2429 aunt,
1095 2348 1237 2442 turpiter
1263 2349 1399 2422 Μητί-

392 2469 477 2539 nanta
495 2460 608 2532 dieunt
625 2461 725 2532 enim:

446 2575 575 2643 l'otzero
590 2575 644 2644 ete
660 2562 834 2666 oliunperre
850 2577 882 2644 to
898 2587 1058 2667 putrore.

390 2689 451 2760 Sed
469 2687 621 2784 quamvis
636 2688 820 2782 terrigenae
838 2690 939 2782 Apuli
956 2691 1133 2784 loquantur
1157 2689 1295 2763 olorone
1316 2713 1397 2762 ronr-

388 2802 550 2882 rnuniter,
576 2803 817 2896 praefulgentes
842 2823 957 2873 eorum
982 2802 1120 2897 quidam
1146 2805 1250 2897 polite
1283 2803 1394 2899 loquni

387 2929 471 2998 aunt,
487 2916 649 2986 vocabula
666 2917 844 3014 curialiora
862 2917 895 2986 in
912 2918 978 2988 uuis
996 2917 1207 2990 cantionibus
1228 2921 1394 3015 oornprlan-

387 3043 443 3109 tes,
453 3043 489 3100 ut
506 3030 676 3100 manifeste
694 3042 830 3125 apparet
847 3055 964 3103 eornm
980 3029 1068 3103 dieta
1079 3032 1393 3126 prospieientrluaut

386 3153 476 3236 puta:

437 3259 614 3340 Hedonen,
629 3258 731 3328 diret
746 3264 858 3352 eoptto.

439 3487 504 3554 Per
517 3491 586 3580 fine
602 3511 710 3560 umore
726 3511 766 3558 eo
781 3488 807 3558 st
825 3492 1009 3561 ttatomente.

386 3601 594 3693 Quapropter
610 3601 779 3695 superiora
797 3602 987 3676 notantibus
1005 3605 1206 3678 innotescere
1229 3603 1329 3686 debet,
1344 3623 1389 3674 ne·

386 3735 451 3804 que
469 3712 627 3794 Siculum,
646 3737 750 3810 neque
765 3715 914 3809 Apulum
931 3740 999 3788 esse
1024 3718 1122 3802 illud,
1139 3721 1227 3815 quod
1254 3721 1287 3792 in
1312 3713 1388 3788 ltalia

389 3824 625 3916 pulcerrimum
643 3839 689 3898 eet
706 3829 863 3924 Vulgare:
881 3853 958 3904 oum
974 3834 1160 3928 eloquenter
1179 3835 1339 3930 indigenae
1358 3851 1388 3896 ⁰·

386 3937 600 4010 uonderirnus
616 3967 635 4013 a
653 3942 787 4034 proprio
803 3942 979 4016 divertisse.
