2978 4984
393 539 394 547 Ν
495 463 568 531 ooo
766 477 810 530 nn
835 477 1036 530 nonanemn
1178 458 1181 472 '

394 587 489 678 Papa,
499 596 531 656 et
548 588 757 679 Imperatore,
775 583 929 655 lallantur
944 583 1123 655 secundnm
1133 582 1293 656 aeeidena
1303 587 1406 659 Aden-

390 700 444 794 jus
460 700 660 772 evidentiam
677 699 855 780 sciendum,
872 699 958 792 quod
975 697 1064 770 aliud
1082 707 1130 768 est
1145 721 1212 770 eme
1238 697 1409 784 hominen,

245 883 249 892 ,
393 825 426 884 et
441 814 529 886 aliud
547 823 594 884 est
610 835 677 883 ease
693 815 828 906 Papam.
841 814 888 882 'Et
903 811 1019 882 eodem
1036 812 1145 892 modo,
1162 812 1253 884 alind
1279 825 1328 883 est
1352 838 1411 884 we

392 925 574 1010 hominem,
590 927 678 998 alind
695 948 762 998 esse
779 929 1032 1020 Imperatorem
1048 925 1133 994 sicut
1149 925 1241 997 aliud
1265 951 1334 997 me
1358 927 1409 996 lo·

392 1041 529 1122 minem,
546 1030 718 1113 aliudesse
735 1051 862 1134 patrem
878 1049 911 1110 et
927 1039 1116 1121 dominum
1134 1039 1235 1110 homo
1252 1041 1343 1113 enim
1359 1053 1408 1120 ert

393 1152 427 1224 id
443 1157 530 1248 qnod
547 1165 594 1224 est
611 1177 670 1248 per
684 1155 828 1224 lormanr
845 1152 1103 1232 substantialem,
1122 1177 1300 1248 perquam
1325 1157 1406 1225 sorti-

392 1277 447 1338 tur
462 1270 603 1363 speeiem
620 1280 652 1340 et
668 1290 782 1362 genus,
796 1279 828 1338 et
845 1289 1021 1362 perquam
1039 1267 1211 1361 reponitur
1234 1271 1300 1340 snb
1326 1295 1407 1364 prae·

392 1381 579 1455 dicamento
595 1382 803 1454 mbstnntIae.
819 1385 916 1452 Pater
931 1403 1011 1453 vem
1036 1393 1093 1462 est,
1110 1382 1144 1453 id
1169 1383 1259 1478 qnod
1287 1399 1333 1455 est
1357 1411 1406 1479 per

394 1487 799 1577 formamaeeidentalem,
815 1517 901 1590 quae
917 1505 965 1566 est
982 1495 1109 1577 relatio,
1128 1518 1305 1592 perquam
1319 1499 1407 1570 sorti-

394 1616 448 1681 tur
464 1610 606 1701 speeiem
622 1603 787 1704 quandam
804 1619 837 1677 et
852 1631 966 1702 genus,
983 1619 1015 1678 et
1032 1610 1204 1702 reponitur
1219 1611 1278 1682 snb
1295 1637 1407 1706 genere

395 1724 436 1794 ad
454 1725 553 1805 aliud,
569 1726 638 1796 sive
654 1717 831 1796 relationis
849 1724 956 1794 Aliter
978 1724 1092 1795 omnia
1118 1727 1340 1796 reducerentur
1362 1729 1404 1797 ad

394 1839 697 1934 praedicamentum
712 1839 922 1921 substantiae,
940 1861 1014 1910 enm
1033 1840 1123 1909 nulla
1143 1841 1246 1911 torma
1262 1839 1401 1911 acciden-

394 1953 470 2024 talis
486 1977 545 2046 per
559 1977 592 2024 se
608 1954 767 2034 mbaistat,
778 1954 898 2047 absque
914 1952 1079 2046 hypostasi
1097 1953 1293 2025 substantiae
1307 1954 1402 2024 urbei-

393 2068 520 2138 stantis:
536 2070 621 2161 qnod
639 2080 688 2137 est
703 2069 829 2140 falsum.
845 2067 929 2137 Cum
954 2087 1034 2160 ergo
1060 2071 1148 2161 Papa
1174 2083 1207 2139 et
1233 2073 1403 2164 Imperator

392 2181 466 2262 rint,
484 2181 516 2251 id
533 2181 618 2274 qnod
634 2192 717 2261 sunt,
733 2205 793 2276 per
808 2183 967 2276 quasdam
983 2183 1168 2264 relationes,
1185 2183 1266 2279 quia
1285 2209 1337 2278 per
1349 2189 1403 2254 Ρι-

393 2306 507 2389 patum
533 2307 564 2364 et
581 2317 640 2388 per
660 2297 882 2386 Imperiatum‚
898 2317 982 2388 quae
1008 2295 1181 2366 relationes
1207 2309 1294 2374 sunt,
1314 2298 1403 2366 altera

392 2409 454 2478 sub
471 2408 563 2478 abitu
577 2403 793 2500 paternitatis,
809 2418 842 2480 et
859 2407 962 2478 altera
978 2408 1039 2478 sub
1055 2410 1149 2479 abitu
1166 2410 1403 2481 dominationis:

258 2610 266 2631 x
393 2521 603 2590 manifestam
628 2524 786 2615 estquod
813 2526 902 2613 Papa
926 2533 959 2592 et
985 2526 1178 2618 Imperator,
1196 2524 1232 2592 iu
1258 2539 1400 2619 quantum

391 2633 589 2728 hujusmodi,
599 2629 721 2712 hahent
738 2637 853 2729 reponi
869 2637 929 2708 snb
946 2638 1215 2728 praedicamento
1232 2638 1398 2716 relationis,

391 2757 424 2817 et
448 2771 507 2840 per
531 2771 738 2844 oonsequens,
755 2751 867 2820 reduci
892 2751 933 2820 ad
958 2751 1089 2846 aliquod
1115 2752 1257 2822 existens
1281 2753 1334 2822 sula
1348 2751 1399 2822 dio

391 2885 520 2957 genere.
538 2867 633 2936 Unde
647 2865 733 2948 dioo,
749 2867 836 2957 qnod
855 2865 920 2936 alia
937 2877 984 2936 eet
1003 2889 1154 2936 mensura
1171 2869 1213 2938 ad
1230 2891 1328 2962 quarn
1349 2867 1400 2936 lu-

372 2967 375 2974 *
393 2977 471 3048 lrent
488 2977 608 3062 reduci,
626 2989 722 3072 prout
738 2989 812 3048 nant
837 2978 1052 3060 hominem-et
1070 2980 1146 3062 alia,
1164 2994 1263 3073 prout
1287 2993 1355 3052 nunt
1374 2989 1400 3048 et

391 3093 482 3183 Papa
497 3103 531 3160 et
548 3095 738 3184 Imperator.
748 3093 834 3162 Nam
852 3104 949 3184 prout
964 3103 1040 3166 sunt
1055 3091 1216 3172 homines,
1225 3093 1346 3164 lrabem
1359 3113 1399 3160 re·

391 3204 466 3276 duci
484 3205 706 3300 adoptimum
724 3205 986 3299 ‘homiuemqni
1012 3217 1070 3277 eet'
1085 3229 1239 3278 mensura
1264 3207 1400 3276 omniun

392 3319 542 3403 aliorum,
559 3331 592 3390 et
609 3319 692 3402 idea,
708 3321 748 3390 ut*
760 3319 807 3390 ita
817 3319 942 3400 dinam,
958 3320 1104 3415 quisrpris
1120 3321 1177 3392 ille
1201 3322 1254 3402 sit,
1280 3323 1319 3392 ad
1343 3318 1400 3390 eni·

390 3443 528 3504 stentem
545 3434 691 3504 maxime
706 3453 812 3504 unam
830 3433 865 3502 in
882 3455 1002 3526 genere
1023 3457 1090 3518 suo,
1108 3447 1146 3506 ut
1169 3435 1285 3508 haberi
1311 3443 1400 3527 potest

392 3573 433 3617 en
449 3551 569 3620 ultimo
584 3551 625 3620 ad
643 3548 891 3622 Nioomnohum.
911 3553 949 3618 ln
964 3561 1126 3644 qnantum
1142 3573 1224 3622 vero
1239 3563 1313 3622 sunt
1326 3551 1399 3619 rela-

391 3661 459 3730 tiva
476 3666 648 3756 quaedam,
662 3667 704 3734 nt
720 3673 821 3756 patet,
838 3663 1119 3734 reducenda-sunt
1132 3664 1185 3735 vel
1202 3667 1243 3736 ad
1259 3664 1397 3760 julian.

391 3777 575 3850 sirlmrnm
591 3780 835 3851 sumtoernrtur
851 3778 964 3856 alterie
980 3781 1034 3850 rel
1051 3779 1085 3849 in
1102 3779 1209 3874 specle
1227 3773 1395 3850 eommuni-

391 3903 468 3962 eant
484 3915 542 3984 per
559 3893 913 3972 naturumrelntionis:
930 3894 988 3964 vel·
1001 3895 1042 3964 nd
1060 3895 1191 3988 aliquod
1219 3887 1388 3964 tardnnad

391 4007 477 4100 qnod
495 4007 700 4098 redonnmpr,
711 4019 866 4101 tanquam
878 4009 919 4078 nd
930 4029 1141 4094 communem
1160 4006 1326 4078 unitatem
1340 3997 1388 4074 sut
