2914 4982
506 473 578 540 582
773 485 816 536 na
843 483 1042 538 sonaretur

404 593 559 670 niversali
577 615 657 688 paca
681 613 757 664 cum
782 591 933 664 libertate
958 590 1087 674 dilecta,
1105 579 1260 686 populus
1275 589 1330 666 ille
1349 617 1414 668 tan-

404 721 482 794 etum,
500 710 572 805 pius
589 719 622 780 ct
638 706 807 803 gloriosus,
825 705 960 804 propria
977 705 1151 777 commoda
1169 707 1350 802 neglexise
1369 708 1412 780 ri-

403 824 506 905 detur,
524 830 558 894 ul
575 820 707 917 publica
724 843 785 916 pro
801 821 903 894 salute
920 818 1056 890 bomani
1074 819 1204 915 generis
1230 835 1412 915 procuraret

404 938 499 1010 Unda
516 947 603 1009 tacte
622 936 702 1007 illud
720 935 877 1030 scriptum
895 947 962 1006 cst:
987 935 1166 1005 Bouianum
1190 935 1364 1030 imperia·
1382 939 1413 1008 dt

401 1052 485 1146 [onte
508 1052 652 1120 ncsmtar
671 1051 809 1144 pietatis.
828 1049 890 1124 Sed
915 1047 994 1143 quia
1018 1049 1059 1119 dc
1076 1049 1263 1122 intentione
1280 1051 1412 1122 omniun

405 1189 446 1236 ex
464 1165 622 1236 electione
640 1163 819 1260 agentium,
838 1161 921 1234 nibil
939 1161 1147 1234 manifestum
1157 1173 1313 1234 cstextra
1329 1163 1415 1234 inten-

368 1289 372 1300 '
403 1278 546 1360 dentem,
563 1276 627 1347 nisi
644 1300 704 1370 per
719 1277 814 1370 signa
831 1273 1009 1356 exteriora3
1026 1284 1060 1346 ct
1075 1297 1245 1348 sermones
1265 1276 1412 1372 inquiren·

405 1390 439 1464 di
454 1402 531 1463 sunt
547 1391 726 1464 secumdum
743 1391 926 1486 subjectam
943 1389 1129 1472 materiam,
1146 1401 1182 1462 ut
1203 1391 1285 1486 jam
1308 1393 1410 1462 dietum

405 1514 463 1576 esc
479 1503 558 1576 satis
574 1505 609 1574 in
625 1503 688 1576 boc
703 1505 778 1575 loco
794 1503 999 1585 habebimus,
1014 1503 1043 1572 si
1058 1503 1099 1574 de
1116 1504 1303 1576 intentione
1319 1501 1411 1598 populi

404 1617 547 1690 llomani
572 1620 666 1712 signa
692 1617 925 1691 indubitabilis
949 1629 1019 1690 tam
1037 1617 1072 1688 in
1090 1617 1244 1714 collegiis
1267 1643 1362 1714 quam
1383 1617 1410 1686 ia

404 1731 624 1826 singularibus
642 1732 787 1828 personis
802 1733 1020 1804 ostendantur.
1037 1735 1088 1803 Dc
1112 1733 1266 1828 collegiis
1288 1733 1411 1828 quidem.

404 1847 521 1944 quibus
536 1846 688 1918 bomiues
712 1847 752 1919 ad
780 1846 1020 1940 rempublicam
1046 1847 1189 1942 quodam
1208 1845 1410 1940 religatione

400 1961 476 2056 jura
492 1961 630 2045 debent,
657 1959 775 2034 sufficit
792 1961 850 2032 illa
866 1962 936 2032 sola
952 1961 1119 2032 Ciceronis
1134 1962 1307 2034 auctoritas
1320 1959 1349 2029 in
1363 1981 1408 2027 aa·

407 2075 514 2144 cundo
527 2077 571 2146 de
587 2073 719 2146 officiis:
736 2076 913 2164 Quamdiu,
930 2075 1046 2170 inquit,
1064 2075 1250 2170 imperium
1275 2071 1408 2169 reipubli-

319 2222 323 2239 ·
407 2209 465 2256 cae
483 2187 650 2263 beneflciis
665 2188 847 2270 tenebatur,
865 2210 932 2258 non
950 2189 1089 2285 injuriis,
1099 2185 1408 2284 bellaautprosotiis

407 2311 464 2372 ant
497 2323 559 2396 pro
591 2303 737 2397 lmperic
761 2304 979 2397 gerebantur:
1010 2302 1115 2374 exitus
1145 2314 1241 2374 erant
1267 2303 1408 2375 bellorum

409 2426 465 2488 ant
490 2417 600 2498 mites,
625 2430 681 2490 aut
706 2417 893 2489 necessarii:
920 2421 1058 2513 Regum,
1083 2419 1289 2512 populorum,
1310 2427 1339 2489 et
1361 2439 1412 2486 na-

408 2527 535 2598 tionum
562 2539 673 2622 portus
698 2540 768 2601 erat
784 2541 818 2601 et
833 2530 1009 2625 refugium,
1027 2533 1173 2604 Senatus.
1190 2533 1292 2604 Nostri
1311 2541 1411 2601 auten

407 2653 443 2714 et
467 2644 683 2738 Magistratus,
701 2649 980 2742 imperatoresque
1005 2645 1040 2716 in
1066 2671 1106 2719 aa
1131 2671 1168 2718 re
1184 2647 1318 2718 maxim
1344 2643 1411 2714 lau-

406 2758 485 2829 dem
500 2781 617 2853 mpero
633 2761 830 2840 studuerunt,
846 2759 874 2831 si
885 2759 1081 2860 provincias,
1090 2762 1118 2832 si
1136 2763 1247 2844 socios,
1263 2757 1411 2854 aequitate

409 2883 442 2943 et
464 2874 527 2945 lide
543 2875 775 2948 defendissent:
792 2875 901 2972 itaqua
919 2875 998 2947 illud
1015 2876 1238 2970 patrocinium
1253 2873 1337 2946 orbis
1357 2882 1411 2941 ter·

410 3009 523 3058 ranam
545 2989 652 3082 potius
675 3013 775 3084 quam
801 2987 980 3083 Imperium
998 2999 1124 3082 poterat
1141 2989 1314 3063 nominari.
1335 2987 1409 3056 llaec

410 3099 535 3170 Cicero.
561 3103 611 3173 lle
637 3103 782 3196 personis
813 3119 922 3175 autem
953 3103 1172 3198 singularibus
1204 3101 1409 3200 compendiosa

408 3213 610 3310 progrediar.
627 3218 794 3314 Numquid
810 3239 878 3288 nou
906 3218 1029 3289 bnmim
1056 3241 1233 3291 commune
1259 3213 1409 3290 intcndim

410 3329 539 3400 dicendi
564 3341 655 3413 suut,
680 3332 737 3426 qui
761 3333 887 3417 sudore,
911 3332 968 3428 qui
994 3343 1200 3428 paupertate,
1224 3335 1283 3429 qui
1314 3327 1408 3402 sudio,

411 3446 468 3541 qui
493 3445 637 3520 liliorum
657 3447 838 3526 orbatione,
854 3447 913 3542 qui
932 3447 1107 3520 amisione
1122 3438 1407 3534 membranas&

408 3559 552 3656 denique
568 3565 756 3633 animarum
780 3561 947 3634 oblatione
972 3561 1096 3634 bonum
1120 3563 1290 3657 publicam
1313 3577 1407 3652 tutti!

413 3673 521 3744 conati
538 3682 635 3746 sunt?
653 3679 770 3748 Nonne
786 3675 1001 3748 Cincinnatus
1018 3675 1074 3748 ille
1090 3685 1240 3748 sanctum
1264 3673 1350 3744 nota
1369 3687 1407 3735 tt·

413 3785 511 3883 liquit
526 3791 714 3885 exemplum
730 3791 835 3863 libere
851 3791 1033 3886 deponendi
1050 3789 1246 3883 dignitatem
1262 3791 1295 3859 in
1319 3775 1407 3854 orni·

414 3927 468 3986 no,
486 3927 562 3976 cum
580 3917 763 4002 assumptus
779 3909 823 3978 ab
841 3919 951 3979 aratro
967 3906 1118 3978 Dictator
1133 3905 1239 3977 laeuas
1256 3913 1310 3984 ml,
1323 3909 1351 3970 ut
1362 3889 1407 3962 ld·

416 4017 489 4090 rius
505 4019 625 4092 nolent
642 4023 684 4092 Et
701 4031 772 4115 post
789 4021 974 4108 victoriana,
991 4029 1062 4116 post
1079 4016 1291 4116 triumphum,
1306 4017 1408 4104 '“l’¹¹⁰
