2978 4984
701 529 864 654 monn
882 529 1112 608 tulimus·

496 784 664 847 ournmnn
679 784 838 835 ornemur
855 783 1073 844 nonanoeane,
1090 785 1304 837 swerman

648 885 821 951 nnenbnnr
839 901 862 948 a
879 895 945 948 uuo
962 899 1166 953 annotare.

472 1110 630 1180 Conclusit
645 1129 704 1175 oro
721 1106 868 1187 bennum,
884 1117 913 1176 et
938 1127 1003 1174 noo
1028 1117 1204 1174 omuemot
1227 1105 1380 1194 militpn'o

395 1243 500 1292 coram
525 1245 561 1291 eo
581 1219 709 1311 justitio
733 1222 862 1290 inuento
886 1231 929 1289 est
944 1221 981 1288 io
996 1241 1053 1288 ote.
1077 1221 1115 1288 ln
1133 1217 1291 1312 principio
1309 1217 1381 1312 bnju

394 1337 501 1430 operis
516 1335 717 1431 propositum
733 1334 794 1406 tuit
803 1335 843 1406 de
853 1334 956 1406 tribus
964 1331 1218 1428 quaestionibus,
1228 1345 1314 1428 prout
1328 1357 1381 1402 na·

395 1450 477 1526 teria
494 1459 665 1544 patoretur,
683 1448 856 1542 inquirere.
872 1451 922 1520 De
938 1469 1081 1542 quarum
1096 1447 1221 1520 duabus
1237 1447 1380 1540 prirnisio

394 1563 615 1656 superioribus
638 1561 740 1640 libris,
757 1571 793 1631 ut
818 1563 924 1644 oredo,
941 1559 1136 1632 sufficienter
1162 1573 1317 1654 pometum
1338 1569 1381 1630 est

395 1681 490 1751 Nune
506 1685 617 1748 antem
633 1673 677 1746 ‹le'
688 1673 785 1745 tertia
800 1683 899 1746 restat
916 1673 1088 1768 agendum.
1097 1674 1198 1768 Cujus
1205 1673 1321 1770 quidm
1335 1697 1379 1742 re·

396 1790 484 1870 ritas,
500 1789 578 1884 qnia
593 1788 663 1858 sine
680 1787 798 1860 rubore
815 1786 1000 1882 aliquorum
1017 1811 1185 1881 emergere
1210 1788 1310 1882 nequit,
1324 1789 1377 1856 tor·

396 1907 480 1978 sitan
497 1903 633 1998 alicujus
649 1901 881 1996 indignationis
897 1925 993 1974 eausa
1019 1902 1053 1972 in
1080 1925 1133 1974 me
1159 1903 1230 1974 erit
1243 1901 1292 1975 Sed
1311 1900 1375 1994 quin

395 2021 435 2091 de
452 2019 569 2089 tbrono
587 2015 787 2088 immutabili
804 2039 863 2088 suo
888 2016 1020 2089 Veritas
1043 2015 1253 2110 deprecatum
1264 2023 1291 2084 et
1303 2013 1376 2086 Salo·

396 2156 475 2204 mon
491 2133 591 2202 etiam
607 2132 734 2224 sylvam
759 2129 1012 2201 Proverbiorum
1038 2129 1233 2223 ingrediens,
1248 2129 1376 2200 melitan-

318 2263 321 2272 '
397 2250 474 2318 dam
500 2246 682 2323 veritatem.
700 2244 880 2338 imperium
904 2245 1130 2316 detestandum
1156 2245 1190 2316 in
1206 2270 1240 2316 se
1256 2245 1383 2324 totamm,

397 2383 456 2432 nos
472 2363 583 2442 docot;
600 2384 638 2432 ae
655 2369 846 2455 praeceptor
862 2382 992 2454 morum
1004 2361 1228 2456 Philosophus,
1238 2359 1383 2434 bmnliuia

399 2474 588 2546 destruenda
606 2496 666 2568 pro
683 2471 820 2544 veritate
836 2473 966 2556 suadet:
977 2476 1266 2570 assumptolidncia
1279 2476 1313 2546 (lo
1327 2497 1384 2544 rer-

399 2588 449 2660 bis
466 2587 611 2660 Danielis
628 2587 821 2682 praemissis,
838 2588 872 2658 in
896 2588 1015 2684 quibus
1038 2588 1151 2660 divino
1176 2591 1315 2684 potentis⁴
1328 2589 1381 2682 ely·

257 2749 260 2760 ,
399 2725 479 2794 pens
504 2701 708 2772 defensorum
725 2701 886 2784 veritatis,
904 2701 1067 2784 astruitur,
1080 2702 1177 2798 juxta
1200 2705 1382 2776 monitionem

399 2815 502 2897 Pauli,
511 2817 589 2908 fidei
605 2815 734 2884 loricam
751 2816 894 2896 indueus,
904 2817 940 2885 io
950 2818 1051 2886 colora
1061 2819 1206 2888 corbonis
1221 2820 1386 2908 ttttospen

399 2954 482 2999 rarius
500 2932 538 2998 de
547 2931 714 3022 Seraphim
728 2931 845 3021 occepit
863 2953 903 3000 ex
920 2931 1018 3000 nitori
1034 2933 1203 3012 coelestiet
1220 2936 1309 3026 tetipit
1322 2933 1387 3002 lolio

388 3041 500 3126 ¹lsr'oe:
518 3041 726 3136 gymnasium
745 3067 895 3138 praesens
913 3043 1094 3138 ingrediar:
1111 3057 1142 3116 et
1161 3047 1194 3116 in
1213 3047 1336 3118 brachio
1355 3047 1386 3116 ll·

287 3159 297 3170 '
384 3155 470 3233 lius.
487 3153 543 3250 qni
571 3177 628 3224 nos
652 3157 691 3225 de
716 3165 872 3249 potestate
887 3159 1105 3232 ,terebrarum
1121 3159 1273 3231 liberavit
1288 3161 1318 3230 io
1331 3183 1388 3230 sao

401 3272 500 3363 puina
525 3293 591 3350 suo,
609 3270 750 3364 impium
775 3284 871 3367 atque
897 3272 1087 3344 mendacem
1113 3277 1153 3346 de
1170 3277 1320 3368 palaestra
1334 3297 1387 3367 spe·

398 3393 505 3454 rmnte
522 3383 644 3454 muodo
662 3383 804 3478 ejiciam.
821 3385 909 3472 Quid
927 3386 1087 3458 timeam?
1106 3411 1182 3458 oum
1202 3391 1331 3483 Spiritus
1343 3391 1387 3458 Pa-

400 3498 442 3566 tri
468 3508 500 3567 et
517 3497 603 3568 Filio
620 3508 807 3570 coaeternus
832 3500 918 3570 diunt
937 3523 1048 3594 poros
1066 3501 1190 3572 David:
1211 3505 1247 3572 ln
1264 3501 1387 3574 eumont

250 3611 254 3621 '
399 3625 526 3680 aeterno
542 3613 601 3681 erit
612 3611 727 3702 justus,
745 3615 961 3684 obauditione
985 3619 1070 3686 molo
1086 3639 1151 3686 oon
1169 3617 1289 3686 timebit.
1304 3619 1387 3702 Ome·

399 3723 461 3792 stio
488 3723 587 3816 igitur
612 3747 771 3816 praesens,
788 3727 827 3796 de
853 3751 917 3821 qua
943 3727 1109 3823 inquisitio
1134 3731 1244 3804 lutura
1260 3743 1310 3810 est,
1323 3729 1386 3796 inter

399 3840 464 3908 duo
479 3839 656 3911 luminaria
674 3865 794 3936 magna
811 3854 972 3914 versatur:
990 3849 1174 3917 Romanum
1193 3848 1311 3918 seilicet
1324 3849 1385 3916 tor-

401 3953 531 4034 titirem,
556 3963 588 4024 et
613 3957 800 4028 Romanum
823 3956 1025 4052 Principem
1050 3959 1384 4054 unquentorum
