2914 4982
494 417 567 486 552
768 431 812 482 nn
836 431 1035 482 mancum

388 545 498 618 mnae
511 555 585 614 cunt
610 540 771 614 credibiles
786 540 939 632 operam
957 539 1047 612 Hinc
1061 537 1163 610 etiam
1181 538 1341 614 dicebstn
1359 544 1398 618 da

395 659 490 728 coelo
506 654 669 750 peccatori
685 653 809 726 David:
828 654 936 737 Quare
953 666 988 722 tu
1004 673 1135 724 emeres
1147 651 1294 744 justitias
1308 663 1398 726 m?

391 770 486 864 quasi
501 769 638 842 dinotet:
648 769 1063 859 Fruatrolcpucriaaumtu
1073 768 1116 838 sie
1131 769 1216 838 otim
1232 771 1278 838 ot
1293 773 1399 860 copaod

391 885 538 974 loquacia.
556 885 608 954 Ex
624 883 743 976 quibus
767 879 942 974 colligitur,
958 881 1047 975 quod
1072 881 1197 974 optime
1222 881 1401 977 dispositun

394 1020 462 1068 ease
478 1007 616 1092 oportet,
633 995 758 1089 optime
775 995 857 1066 alica
873 994 1045 1088 disponere
1069 995 1248 1066 volentem.
1268 997 1329 1068 Sed
1344 998 1403 1066 llo

394 1109 517 1182 narcha
533 1110 619 1182 solus
634 1119 681 1178 est
698 1107 764 1189 ille,
789 1107 846 1201 qui
872 1118 978 1202 potest
1002 1108 1127 1201 optimc
1151 1131 1220 1180 esse
1246 1107 1404 1202 dispositus

390 1224 435 1294 ad
452 1223 639 1316 regendum
655 1222 750 1307 Quod
767 1219 814 1290 sie
837 1222 1030 1292 declaratur.
1055 1221 1284 1316 Unaquaeque
1309 1243 1355 1292 ree
1372 1241 1404 1290 en

390 1339 518 1412 facilius
533 1347 566 1410 ct
583 1336 761 1430 perfectius
779 1337 820 1408 ad
837 1335 992 1408 habitum
1008 1345 1041 1407 et
1058 1336 1288 1430 operationem
1314 1336 1405 1428 dispo·

388 1452 494 1535 nitur,
503 1473 571 1546 quo
594 1451 707 1522 minus
724 1449 759 1520 in
774 1473 816 1521 ea
830 1461 879 1521 cst
893 1451 935 1521 dn
951 1449 1180 1520 contrarietate
1196 1451 1238 1520 ad
1248 1451 1351 1522 talem
1366 1450 1407 1518 di-

276 1656 291 1672 κ
389 1565 619 1659 opositionem:
636 1565 721 1636 unde
738 1563 867 1636 facilius
884 1575 917 1636 ct
933 1564 1108 1658 perfectius
1128 1563 1265 1636 veniunt
1290 1567 1331 1636 ad
1358 1565 1409 1634 ha·

392 1679 500 1752 bitum
518 1677 764 1772 philosophicae
787 1678 944 1760 veritatis,
960 1677 1018 1773 qui
1045 1679 1130 1750 nihil
1155 1701 1294 1772 unquam
1319 1679 1411 1750 sudi-

392 1802 519 1876 vcnunt,
534 1816 635 1887 quam
651 1791 708 1887 qni
724 1792 919 1863 audiverunt
935 1815 995 1885 per
1011 1803 1171 1887 tempora,
1186 1805 1216 1863 et
1233 1793 1319 1864 tanis
1334 1794 1410 1887 opi·

393 1907 550 1980 nionibus
561 1905 679 1978 imbuti
695 1915 778 1978 aaut.
788 1910 924 2000 Propter
940 1907 1026 2002 quod
1043 1908 1128 1979 benc
1144 1909 1283 1980 Galeam
1298 1908 1409 2002 inquit:

395 2021 472 2089 tolca
486 2021 608 2110 duplici
625 2033 760 2110 tempore
777 2019 918 2111 indipcrc
934 2022 978 2092 ad
994 2023 1156 2092 muntium
1181 2023 1409 2114 nepnaircndoac

395 2131 481 2200 Cum
499 2153 578 2223 engo
595 2132 774 2204 Monarcha
792 2133 918 2204 nullam
935 2134 1121 2227 cupiditatis
1136 2137 1342 2208 occasionem
1358 2135 1409 2208 ha-

293 2305 295 2312 ,
394 2243 472 2314 bere
490 2244 597 2338 possit,
614 2244 667 2315 vel
682 2246 797 2316 saltem
817 2247 991 2318 minimam
1009 2249 1094 2318 inter
1118 2251 1283 2332 mortales,
1300 2261 1336 2322 nt
1358 2273 1408 2320 an-

396 2359 505 2451 pcnius
520 2371 567 2428 est
583 2367 755 2442 ostensam,
765 2361 852 2454 quod
869 2362 1005 2432 cacteris
1012 2363 1224 2456 Principibus
1239 2365 1409 2458 contingis

392 2481 428 2540 et
445 2471 604 2565 cupiditas
620 2471 690 2564 ipsa
705 2474 775 2544 sola
798 2473 841 2544 sit
864 2475 1050 2568 corruptiva
1071 2476 1200 2570 judicii,
1215 2487 1246 2546 ct
1267 2477 1411 2570 justitiae

396 2583 635 2676 praepeditiva:
655 2607 852 2682 consequens
868 2599 925 2672 cst,
941 2589 1027 2683 quod
1045 2588 1113 2683 ipse
1130 2589 1338 2672 volumino,
1355 2591 1410 2660 vcl

393 2697 539 2770 maxime
555 2700 637 2770 bene
653 2700 823 2794 dispositus
839 2703 880 2774 ad
897 2705 1076 2797 regendum
1101 2729 1169 2776 esse
1192 2715 1312 2799 potesta
1327 2705 1408 2802 quia

393 2811 482 2882 inter
498 2823 641 2884 caeteros
645 2813 812 2906 judicium
820 2825 853 2886 et
864 2816 1028 2911 justitiam
1040 2817 1204 2912 potissime
1213 2817 1337 2890 habere
1355 2841 1410 2912 po·

395 2926 566 3009 tectonas
582 2926 647 2997 duo
665 2927 939 3022 principalissime
956 2930 1137 3023 legislatori
1156 2943 1190 3004 et
1203 2933 1287 3026 legis
1302 2957 1409 3004 metu·

396 3037 461 3106 tori
479 3039 684 3124 conveniunt,
695 3052 831 3114 testante
841 3046 929 3137 Rege
948 3044 1006 3114 illo
1022 3047 1239 3130 sanctissimo,
1250 3071 1326 3120 cnm
1342 3070 1409 3118 oon-

396 3148 563 3220 uenicutia
581 3154 662 3246 Regi
680 3167 712 3224 et
729 3156 799 3227 lilio
816 3157 902 3252 regis
922 3161 1104 3251 postulabat
1120 3185 1142 3231 a
1159 3164 1248 3232 Deo:
1264 3163 1350 3232 Deua
1365 3162 1410 3230 in-

398 3263 482 3360 quit,
496 3263 657 3356 judicium
674 3281 763 3339 tuum
778 3271 854 3362 ltcpi
869 3273 923 3356 do,
940 3285 968 3342 ct
981 3274 1053 3364 filio
1069 3275 1159 3365 Rapis
1170 3271 1344 3365 iustitiam
1358 3277 1410 3345 lle

285 3401 289 3412 ·
396 3402 439 3451 ue
455 3379 560 3473 igitur
575 3381 698 3456 dictum
717 3395 774 3467 est,
790 3409 867 3456 cum
882 3387 1003 3460 dicitur
1019 3389 1055 3459 in
1079 3390 1320 3486 mbaasumpta,
1335 3389 1409 3486 quud

399 3495 579 3566 Monarcha
594 3498 681 3568 eolus
697 3509 743 3569 est
761 3499 892 3594 illequi
910 3511 1096 3594 potestesse
1112 3503 1410 3598 optimcdispositm

400 3608 442 3676 ad
458 3611 645 3703 regendum.
663 3614 753 3707 Ergo
770 3614 948 3686 Monarcha
965 3615 1052 3688 solua
1066 3617 1192 3713 optime
1209 3619 1293 3690 alios
1312 3619 1409 3711 dispo·

403 3742 481 3792 ncne
499 3736 611 3816 potest
629 3729 680 3798 Ex
695 3750 761 3822 quo
777 3729 932 3824 sequitur,
949 3731 1035 3826 quod
1052 3733 1092 3805 ad
1116 3732 1282 3828 optimam
1308 3729 1407 3807 muudi

396 3833 642 3931 dispositionem
661 3843 853 3915 Monarehia
867 3845 910 3914 sit
926 3847 1115 3919 neccssaria.
1394 3921 1402 3930 ,

474 3951 518 4023 Et
533 3954 619 4049 quod
631 3967 733 4050 potest
750 3956 820 4030 ficri
839 3981 1019 4054 perunum,
1029 3961 1149 4034 melim
1158 3971 1206 4036 cat
1224 3961 1296 4038 lieri
1309 3983 1360 4058 pu
1372 3981 1406 4032 u·
