2914 4982
480 407 554 475 not
762 415 1026 470 nnuornnenm

377 556 445 608 non
462 532 687 624 obstupescere
704 525 845 621 poterit?
863 525 950 598 Nam
976 535 1153 598 conantem
1178 527 1370 603 Alexandrum
1440 517 1441 574 ἶ

379 646 571 744 praepedire
597 643 631 712 in
657 663 753 714 mrsu
777 639 976 712 eoathietam
1001 643 1201 725 Romanum,
1217 655 1262 726 tu,
1275 669 1311 716 ne
1329 669 1373 716 sn

378 761 545 836 temeritas
571 756 715 853 prodiret
738 755 884 836 ulterius,
900 754 941 826 de
967 753 1149 827 certamine
1175 758 1313 852 rapuisti
1327 761 1375 830 Sei

376 879 465 974 quod
482 880 589 951 Roma
605 873 752 967 palmam
768 869 852 942 tanti
870 869 979 942 bravii
995 870 1038 941 sit
1053 873 1182 966 adepta,
1209 873 1313 948 multis
1334 899 1377 968 ap

376 991 536 1085 probatur
550 985 760 1059 testimoniis:
778 984 826 1055 ait
850 985 940 1056 enim
966 987 1065 1058 Poeta
1091 997 1202 1058 noster
1227 989 1260 1058 in
1277 989 1377 1084 prino:

377 1105 467 1174 Certe
482 1103 557 1172 hine
567 1102 723 1171 Romanos
737 1100 815 1168 oiim
830 1100 1024 1172 uoloeott'bttt
1040 1103 1146 1183 aunis,
1156 1101 1246 1172 Hine
1259 1105 1319 1198 fure
1331 1107 1376 1174 du-
1441 1152 1442 1162 η

374 1235 484 1300 utores,
501 1229 645 1287 reuocato
661 1239 682 1286 o
698 1217 850 1308 nuptu
876 1215 999 1298 Teucri,
1018 1218 1087 1302 (iai
1107 1242 1210 1302 mure,
1224 1224 1279 1314 pui
1300 1237 1379 1294 terror

373 1334 464 1402 moui
477 1334 596 1402 ditione
613 1344 759 1400 ment.
776 1331 819 1400 Et
844 1330 995 1404 Lucanus
1020 1331 1056 1400 in
1082 1333 1210 1425 primu:
1235 1335 1381 1406 Diuiditu

375 1449 464 1542 ferro
480 1469 597 1538 repam,
611 1447 780 1538 poputipue
794 1446 929 1537 potentis
957 1445 1024 1530 Oui
1039 1468 1138 1546 mose,
1152 1451 1209 1540 pai
1224 1463 1322 1532 unus
1335 1453 1382 1544 pei

377 1575 479 1633 totum
493 1563 626 1654 possidet
642 1561 757 1642 orbem,
775 1559 851 1629 Non
866 1561 946 1652 oepit
961 1560 1091 1653 {ortona
1107 1562 1197 1632 duos.
1215 1565 1253 1634 Et
1266 1565 1382 1634 Boetius

376 1677 411 1746 in
429 1677 569 1748 merendo
587 1697 661 1748 oum
679 1675 719 1746 de
736 1677 962 1747 Romanorum
981 1675 1131 1768 principe
1146 1676 1327 1771 loqueretur,
1336 1677 1380 1746 sic

376 1791 499 1888 inquit:
524 1791 587 1860 Hic
613 1803 717 1860 tomen
741 1800 860 1880 sceptro
880 1791 1016 1882 populos
1040 1791 1174 1881 repebat,
1199 1791 1275 1873 Quot
1300 1789 1374 1856 enitet

375 1909 511 1978 condens
521 1907 629 1976 radios
639 1907 695 1974 sub
705 1905 808 1973 uodus
820 1904 963 1973 Phoebeus
972 1918 1112 1973 extremo
1128 1906 1245 1974 uenies
1257 1903 1293 1972 ut
1305 1917 1372 1972 ortu

376 2023 464 2106 Oreos
477 2035 625 2112 mouent
641 2031 754 2110 septem
768 2019 865 2109 politii
882 2019 1009 2098 triones,
1028 2019 1115 2104 Quos
1132 2031 1220 2090 notus
1233 2020 1302 2088 nouo
1313 2019 1372 2086 oio·

375 2137 478 2204 lentus
493 2149 579 2204 uesta
594 2134 706 2203 Torret
722 2135 865 2204 ardentes
881 2153 1048 2224 recoquens
1064 2155 1188 2204 arenae.
1206 2137 1272 2206 Hoc
1286 2132 1372 2202 etium

374 2247 600 2319 testimonium
627 2245 776 2340 perhibet
801 2245 909 2317 scriba
934 2245 1055 2318 Christi
1073 2249 1189 2329 Lucas,
1205 2250 1260 2343 qni
1282 2247 1379 2318 omnin

373 2383 454 2432 vera
470 2360 550 2430 dicit
566 2360 668 2432 etium
686 2359 744 2430 illa
761 2371 854 2454 parte
869 2359 919 2432 sui
936 2361 1073 2456 eloquii:
1090 2361 1207 2432 Eaeioit
1221 2365 1342 2434 mutum
1362 2383 1379 2432 u

374 2475 485 2546 Cerere
508 2478 658 2568 impasto,
684 2490 719 2546 ut
742 2477 967 2546 demriberetur
980 2478 1147 2548 autumus
1163 2479 1255 2549 orbis
1270 2479 1303 2547 in
1316 2477 1377 2571 pni-

375 2589 437 2662 hus
453 2592 562 2664 verbis
577 2591 798 2664 universalem
815 2591 932 2662 mundi
945 2593 1210 2688 jurisdictionem
1233 2605 1301 2668 tnnc
1316 2597 1372 2664 iio-

373 2727 550 2780 manurum
567 2707 673 2790 fuisse,
691 2715 803 2800 aperte
820 2707 1004 2800 intelligere
1021 2731 1202 2801 possumus
1216 2713 1263 2782 Ex
1276 2707 1378 2803 quibu

373 2822 527 2896 omnibus
544 2823 755 2894 manifestum
772 2831 819 2894 est
835 2824 922 2918 quod
932 2825 1102 2894 Romanus
1118 2829 1261 2920 populm
1276 2819 1379 2895 eunetis

373 2939 636 3010 athletizantibus
662 2961 723 3032 pro
740 2938 886 3032 Imperio
903 2937 1018 3009 mundi
1036 2941 1232 3032 praevaluit
1248 2945 1329 3034 Ergo
1347 2937 1379 3006 te

372 3052 487 3122 divino
508 3053 636 3146 judicio
661 3053 861 3146 praevaluit:
887 3075 947 3146 per
971 3073 1187 3147 utrumquem,
1213 3056 1255 3129 de
1286 3051 1378 3126 dirim

368 3167 497 3262 judicio
514 3165 666 3254 obtinuit,
683 3169 771 3268 quod
787 3177 836 3241 est
853 3169 892 3240 de
904 3167 981 3263 jure
995 3166 1186 3242 obtinuisse.

447 3513 491 3584 Et
506 3513 593 3609 quod
612 3535 671 3606 per
683 3511 831 3584 duellum
848 3509 1041 3606 aequiritur,
1055 3511 1097 3583 ‹te
1109 3511 1187 3606 jure
1209 3505 1376 3607 arrpniritm·

372 3623 458 3696 Nam
475 3627 661 3722 ubieunque
685 3625 869 3698 humanum
890 3625 1053 3720 judicium
1079 3626 1200 3710 deficit,
1225 3627 1278 3699 vel
1302 3623 1375 3716 mm

373 3740 500 3810 santiae
516 3741 659 3812 tenebris
675 3741 872 3822 involutum,
889 3741 942 3812 vel
966 3749 1099 3836 propter
1124 3741 1314 3834 praesidium
1330 3735 1375 3828 ju·

371 3854 452 3926 dicis
470 3877 535 3925 non
552 3856 683 3939 habere,
702 3879 743 3928 ne
755 3855 883 3951 justitia
900 3853 1057 3928 derelicta
1081 3867 1261 3938 remaneat,
1286 3869 1371 3924 rottr-

372 3969 511 4042 rendum
527 3977 575 4041 est
591 3967 632 4044 ad
649 3968 755 4057 illum,
771 3969 829 4067 qui
847 3977 976 4044 tantum
1000 3992 1077 4042 eam
1102 3969 1227 4056 dilexit,
1252 3979 1285 4042 ut
1304 3957 1371 4060 quoi
