2890 4978
496 413 569 482 450
707 427 750 480 nn
776 425 922 482 nossent
950 424 1095 486 nroooro

394 549 551 635 quantum
568 533 742 631 loquimur.
759 532 904 606 Undesi
929 553 1079 626 expresse
1102 525 1224 602 liuenti
1250 535 1399 600 resonaret

396 653 497 722 etiam
513 649 601 730 Pion,
617 671 684 718 non
699 657 781 718 esset
795 645 857 718 hie.
875 645 940 717 nisi
966 643 1233 739 repraesentatio,
1260 642 1310 714 vel
1335 642 1398 710 irni-

395 765 477 838 tetio
493 761 564 832 soni
582 759 677 842 illins,
693 759 751 855 qui
768 759 858 852 prius
872 757 1014 832 dixisset.
1030 761 1075 830 Et
1091 759 1137 829 sie
1155 769 1245 852 petet
1266 756 1325 830 soli
1351 755 1397 824 lo-

396 879 479 950 mini
505 877 617 949 datum
641 873 739 946 luisse
763 872 870 967 loqui.
895 873 958 946 Sed
983 893 1086 968 quare
1109 873 1325 946 neeessariurn
1346 868 1396 940 sili

399 993 492 1072 foret,
510 988 653 1062 breuiter
669 995 868 1083 pertmetere
883 1008 1050 1060 oonernur.

644 1251 649 1260 ·
788 1217 932 1290 CAPUT
957 1215 1036 1288 lll

404 1467 494 1531 oeno
509 1466 735 1522 omnemne
751 1469 828 1520 rurr
846 1445 969 1520 nomin
985 1463 1384 1520 consecraresrnaorn

402 1729 405 1738 .
443 1675 526 1746 Cum
544 1671 645 1767 igitur
661 1669 762 1750 horno
777 1695 845 1747 non
867 1681 1004 1748 naturae
1027 1671 1262 1753 instinctuserl
1285 1671 1393 1745 ratione

392 1797 572 1868 moverunt,
588 1797 620 1860 et
637 1787 710 1880 ipsa
726 1789 812 1860 retio
828 1789 882 1862 vel
898 1789 987 1860 eirea
1003 1787 1245 1869 discretionem,
1255 1789 1307 1858 vel
1320 1785 1392 1856 um

388 1901 562 1996 judicium,
579 1899 632 1975 rel
649 1904 737 1976 eirea
752 1901 947 1977 electionem
962 1901 1199 1978 diversifioetur
1216 1902 1252 1972 in
1268 1901 1392 1994 suquis,

393 2015 474 2086 adeo
493 2025 527 2086 ut
545 2015 611 2087 lere
628 2015 768 2111 quilibet
782 2041 840 2088 sun
867 2017 1000 2110 proprie
1025 2015 1133 2110 specie
1158 2015 1307 2088 vitentur
1328 2037 1393 2108 gen-

390 2129 468 2202 dere
484 2155 542 2224 per
559 2131 708 2226 proprios
733 2141 833 2214 anun,
850 2128 903 2203 vel
929 2131 1103 2225 prasinum,
1120 2141 1155 2202 ut
1180 2131 1313 2204 brutrrnn
1334 2129 1391 2202 ani-

391 2246 470 2326 mal,
488 2245 654 2316 neminem
672 2246 775 2316 elium
793 2244 976 2339 intelligere
992 2246 1179 2340 opinamur,
1196 2267 1259 2316 nee
1274 2267 1329 2335 per
1341 2244 1394 2336 spi·

388 2359 541 2432 ritualem
566 2361 832 2453 spowlotionem,
848 2369 886 2430 ut
907 2361 1083 2454 Angelum,
1106 2360 1249 2432 olterurn
1273 2359 1393 2432 alteus!

373 2472 526 2546 ‘introire
542 2473 719 2568 oontingitz
736 2495 813 2570 oum
829 2471 979 2568 grossitie
996 2485 1093 2569 atque
1109 2475 1274 2568 opacitate
1288 2483 1394 2546 mortr-
1436 2543 1437 2552 ,

388 2586 429 2658 lis
446 2588 594 2681 eorporis
608 2587 772 2662 humerus
788 2587 921 2681 spiritus
936 2585 979 2658 sit
994 2588 1154 2675 obtentus
1163 2587 1311 2684 Opornrit
1325 2607 1393 2678 erqo
1436 2669 1437 2674 η

385 2721 487 2794 genre
502 2699 738 2774 humuumat
748 2701 1024 2772 eomunicendum
1042 2701 1173 2774 interae
1182 2699 1394 2796 ooneeptiones

385 2837 468 2896 uns,
485 2815 616 2908 aliquod
634 2813 794 2896 rationale
810 2793 952 2908 signum,
969 2825 1002 2887 et
1018 2813 1167 2888 sensuale
1184 2816 1393 2910 tabemque

386 2951 463 3000 oum
473 2929 596 3022 aliquid
606 2928 764 3002 erutione
773 2929 922 3023 occipere
932 2930 1061 3010 heheu,
1071 2943 1104 3002 et
1112 2932 1149 3002 in
1160 2931 1321 3005 mtionern
1332 2953 1391 3024 por·

385 3053 465 3122 tnre,
482 3042 643 3114 rationale
659 3067 728 3114 esse
744 3041 907 3134 oportuit:
924 3065 1063 3138 cumque
1080 3045 1122 3116 de
1138 3067 1205 3115 una
1230 3043 1392 3134 retionein

380 3153 486 3226 taliam
502 3153 586 3226 nihil
602 3157 722 3228 deferri
739 3156 839 3250 possit
854 3157 918 3228 nisi
929 3181 987 3251 per
998 3159 1144 3232 medium
1161 3159 1318 3246 sensuale,
1332 3183 1391 3230 sen·

387 3269 479 3340 situle
494 3291 562 3340 esse
580 3271 741 3362 oportuit3
759 3269 883 3366 quiesi
900 3280 1029 3342 tentum
1047 3271 1209 3344 rationale
1226 3287 1317 3354 esset,
1332 3293 1389 3364 per·

387 3382 525 3454 transire
532 3403 601 3454 non
619 3383 774 3478 possetzsi
793 3393 922 3456 tantum
938 3386 1094 3467 sensuale,
1110 3410 1171 3458 nec
1188 3387 1389 3458 orationess-

390 3498 512 3592 cipere,
523 3521 584 3570 nee
602 3499 638 3570 in
655 3499 818 3570 rationem
827 3501 990 3594 deponere
1001 3498 1164 3593 potuisset
1175 3503 1248 3572 Hoc
1257 3499 1389 3596 equilen

314 3601 316 3604 ’
382 3613 514 3704 siguum
529 3625 587 3694 est,
605 3614 712 3706 ipsum
736 3613 919 3708 subjeetum
935 3615 1058 3696 nobile,
1074 3617 1115 3686 de
1132 3638 1198 3709 quo
1224 3616 1387 3710 loquimur:

386 3735 501 3796 nature
517 3727 664 3800 semuale
680 3727 824 3821 quidem,
842 3727 876 3796 in
893 3739 1054 3822 qnantum
1072 3752 1169 3800 sonus
1184 3741 1243 3810 est,
1260 3752 1332 3802 esse,
1347 3747 1387 3794 rr·

387 3839 508 3910 tiorrnle
533 3861 628 3924 vero,
645 3841 856 3936 inquantum
873 3840 998 3936 aliquid
1015 3840 1204 3934 significare
1221 3833 1386 3914 videonrl

390 3952 557 4048 placitum.
