2978 4984
498 471 572 540 one
768 477 813 543 bn
838 491 1039 542 uonnucmn

391 593 526 664 dictum.
543 592 704 665 Similiter
719 596 884 690 accipiunt
893 597 934 666 de
942 595 1039 666 litere
1057 591 1218 666 Matthaei
1229 591 1415 672 eloam.

392 729 433 777 ex
449 729 515 801 quo
531 719 682 801 arguunt,
698 731 913 780 successorem
931 709 1018 781 Petri
1029 707 1154 788 omnin,
1163 708 1204 777 de
1214 705 1415 776 concam

390 821 466 900 Dei,
491 841 582 914 posse
607 831 675 892 tum
700 822 815 916 ligure,
833 847 933 917 qnam
957 823 1094 894 solvere
1111 823 1154 891 Et
1172 821 1249 890 inde
1266 819 1416 897 inierunt

394 959 486 1030 posse
502 939 629 1009 solvere
644 938 774 1034 legeret
790 940 920 1010 decreta
936 937 1192 1031 impediatque
1208 937 1301 1028 leges
1316 947 1350 1004 et
1365 935 1416 1004 de·

394 1061 482 1122 oreta
499 1051 606 1146 ligare
624 1075 684 1144 pru
700 1052 862 1146 regimine
877 1051 1072 1147 temporali:
1089 1051 1174 1123 unde
1198 1049 1284 1119 bene
1308 1071 1414 1142 seque·

394 1178 484 1237 retur
510 1167 590 1239 iliud
617 1168 704 1261 quod
732 1167 854 1238 dicunt
879 1169 922 1238 Et
947 1167 1121 1238 dicendum
1149 1165 1191 1235 ed
1217 1163 1283 1232 boc
1306 1162 1411 1232 distin·

396 1279 540 1353 ctionem
556 1293 671 1353 contre
687 1281 849 1375 mojorem
867 1281 1058 1376 syllogismi,
1076 1301 1144 1375 quo
1159 1287 1307 1350 utuntur.
1324 1277 1410 1350 Scito·

398 1393 508 1486 girant
525 1395 614 1466 enim
630 1394 693 1465 sic:
710 1398 823 1466 Petrus
838 1394 944 1489 potuit
961 1396 1087 1466 solvere
1104 1391 1230 1471 omnin,
1248 1401 1281 1460 et
1298 1391 1412 1484 ligure:

394 1529 558 1578 successor
576 1505 662 1580 Petri
682 1519 794 1602 potest,
810 1507 965 1606 quioquid
983 1512 1096 1580 Petrus
1112 1505 1236 1600 potuit:
1253 1527 1331 1598 ergo
1345 1527 1411 1574 sne·

394 1643 502 1692 cessor
516 1623 603 1694 Petri
621 1635 725 1717 potest
740 1624 855 1694 omniu
882 1624 1009 1695 solvere
1027 1633 1060 1694 et
1075 1622 1192 1714 ligere.
1218 1621 1312 1692 Unde
1335 1619 1413 1690 inte·

394 1747 482 1814 runt,
493 1737 721 1808 auctoritatem
731 1737 861 1808 decretu
872 1735 1008 1829 Imperii
1018 1733 1408 1830 solvereetligrreipurnr

399 1869 501 1940 posse.
510 1850 676 1922 Minorem
693 1852 854 1931 concedo:
864 1851 1026 1945 majorem
1036 1871 1118 1922 vero
1135 1873 1203 1919 non
1218 1850 1284 1920 sine
1297 1847 1407 1918 distin·

396 1961 515 2032 ctione.
533 1965 575 2034 Et
592 1965 665 2034 idco
681 1965 765 2047 dico,
781 1965 868 2059 qnod
885 1964 947 2034 boc
962 1964 1093 2057 signum
1108 1963 1407 2042 universatem,

396 2081 485 2172 quod
503 2079 681 2152 includitur
696 2081 732 2150 in
741 2082 966 2176 quodcunque,
977 2101 1146 2175 nunquam
1157 2079 1320 2150 dbtribuit
1327 2089 1408 2149 extre

400 2191 550 2264 bebitum
567 2196 702 2266 termini
718 2195 894 2268 distributi.
911 2197 998 2267 Nem
1017 2195 1145 2276 ridicu,
1162 2198 1274 2266 Omne
1298 2193 1408 2264 nnind

400 2307 520 2390 currit,
538 2309 640 2378 Omne
655 2309 820 2381 distribuit
837 2331 898 2403 pro
921 2307 1015 2380 omni
1040 2331 1080 2380 eo
1105 2311 1192 2405 quod
1216 2311 1280 2380 sub
1304 2331 1408 2402 genere

399 2421 538 2496 animali
556 2425 850 2521 comprehendimr.
867 2425 902 2498 Si
920 2447 1000 2496 vero
1018 2425 1221 2505 discumbis
1232 2425 1332 2495 borno
1345 2447 1409 2494 mr·

399 2537 452 2618 rit
470 2548 548 2610 tunc
562 2539 694 2634 signum
712 2539 896 2610 universale
913 2561 979 2609 non
996 2537 1172 2620 distribuit,
1190 2537 1256 2608 nisi
1272 2559 1329 2632 pm
1341 2559 1408 2628 snp-

400 2653 515 2746 positis
529 2654 627 2750 hujus
643 2655 777 2726 termini
794 2651 906 2725 Horum
924 2655 968 2726 Et
984 2675 1060 2725 cnm
1076 2653 1161 2734 dico,
1177 2653 1296 2724 Omnis
1308 2673 1407 2747 grum·

401 2769 644 2844 metiunttunc
660 2770 847 2842 distributio
864 2769 972 2865 mugio
981 2779 1174 2840 mercetur.
1186 2771 1317 2863 Propter
1330 2765 1406 2862 qnod

398 2905 532 2976 semper
546 2885 724 2956 ridendum
740 2893 797 2966 est,
813 2883 892 2978 quid
909 2881 1062 2978 estquod
1081 2881 1214 2974 signum
1241 2881 1408 2952 universate

400 2994 499 3066 babet
525 2995 733 3069 distribueret
758 3020 824 3092 qno
849 2997 929 3080 viso,
946 2996 1043 3069 focile
1069 2995 1242 3090 apparebit
1266 3005 1407 3092 manum

399 3131 458 3180 sue
475 3111 663 3182 distributio
678 3113 843 3194 dilatetur,
853 3111 985 3206 cognitu
1003 3123 1121 3184 nature
1136 3121 1170 3182 et
1187 3111 1281 3183 obitu
1291 3107 1406 3182 termini

399 3223 576 3295 distributi.
595 3228 690 3298 Unde
715 3251 792 3299 cum
818 3227 947 3310 dicitur,
975 3229 1200 3320 Quodnam
1225 3225 1405 3319 tipoueriuri

401 3339 464 3412 boc
482 3343 706 3434 Quocumque
722 3354 904 3416 sumeretur
919 3345 1076 3426 obsolute,
1094 3367 1213 3416 rernm
1230 3355 1311 3414 met
1333 3341 1405 3438 qnod

399 3457 528 3530 dicunt:
544 3469 577 3530 et
593 3483 659 3529 non
676 3460 783 3532 sotum
800 3460 863 3529 boc
879 3461 986 3532 tacere
1003 3471 1118 3554 posset,
1134 3457 1216 3554 quin
1235 3459 1334 3531 etiem
1354 3456 1407 3528 soi·

400 3593 478 3642 vere
495 3595 631 3644 uxorem
649 3599 670 3646 u
685 3575 769 3656 viro,
787 3583 820 3644 et
835 3573 941 3667 ligure
958 3573 1064 3667 ipsum
1082 3573 1188 3656 nturi,
1206 3573 1336 3645 virente
1353 3570 1406 3666 pti

404 3703 472 3766 mo,
488 3687 574 3779 qsrod
592 3689 683 3760 nullo
699 3689 799 3760 modo
825 3699 939 3780 potest
961 3691 1069 3760 Posset
1094 3688 1196 3759 etiem
1222 3689 1343 3760 solvere
1364 3707 1406 3756 nc

402 3817 471 3867 non
489 3802 719 3894 poenitentem,
729 3804 816 3900 quod
832 3802 932 3874 etiem
943 3803 1049 3875 iacere
1059 3803 1128 3898 ipse
1138 3806 1301 3874 Deusnon
1312 3811 1403 3896 pout

401 3913 488 3985 Cum
513 3939 592 4009 ergo
618 3919 664 3989 ite
688 3919 740 4001 sit,
757 3917 968 3991 menifestum
992 3929 1052 4002 est,
1076 3919 1162 4016 quod
1189 3941 1256 3990 non
1281 3915 1401 3991 abolute

400 4032 562 4106 sumendo
578 4043 626 4105 est
648 4033 706 4106 illu
730 4032 928 4120 distributio,
944 4035 999 4106 sed
1024 4035 1203 4130 respective
1227 4037 1269 4110 nd
1292 4025 1401 4126 aliquid.
