2964 4984
518 455 566 522 92
850 475 1004 527 romono

411 579 481 652 Nec
498 603 596 676 qoem
616 581 688 679 (17)
706 580 912 678 consequeris
931 581 1003 675 (18)
1021 577 1125 661 αοαίο,
1140 601 1297 652 sermone
1316 580 1450 652 rorem

410 694 598 789 Descripsit·
615 719 728 790 quare,
745 719 860 768 censor
876 696 1049 767 liberrime
1066 705 1192 780 veum,

411 809 532 892 nabor,
548 810 577 881 ci
594 811 685 882 fandi
703 811 839 906 paulum
857 810 1008 882 concedis
1025 809 1181 881 habenae.

411 925 480 996 Nec
497 925 694 1019 margaritas
713 925 855 1021 prodiga
872 924 1029 1020 prodigus
1046 923 1145 1018 apris,

412 1037 482 1109 Nec
499 1062 612 1132 preme
629 1039 789 1112 Castalios
808 1039 947 1133 indigna
964 1037 1036 1132 (19)
1054 1047 1143 1109 vecte
1160 1057 1297 1108 nororce⁴

412 1153 457 1223 At
474 1175 593 1245 precor
609 1175 668 1226 ore
686 1153 748 1240 cic,
766 1178 851 1250 quoe
868 1164 900 1225 te
917 1153 1116 1248 distinguere
1132 1152 1268 1247 possint,

409 1267 566 1340 Carmine
584 1268 734 1340 vetisono
751 1268 831 1340 sorti
850 1267 1034 1340 communis
1051 1267 1180 1362 utrique
1199 1267 1282 1362 (20).

409 1381 453 1450 Et
465 1380 539 1475 jam
557 1382 661 1453 multa
677 1383 741 1453 tuis
756 1382 865 1454 lucem
881 1383 1068 1455 narratibus
1085 1381 1203 1454 omnt'

410 1493 474 1563 Dic
490 1517 552 1588 nge
568 1517 633 1590 quo
650 1495 745 1590 petiit
756 1497 855 1568 'lovis
872 1497 1020 1590 armiger
1037 1497 1109 1591 (21)
1127 1505 1216 1568 mna
1231 1495 1356 1568 volatu:

410 1607 474 1678 Dic
490 1633 552 1702 nge
569 1632 650 1703 qnos
666 1609 764 1682 llores
781 1608 864 1704 (22),
882 1635 966 1707 quac
982 1610 1056 1683 lilio
1074 1611 1173 1706 fregit
1189 1621 1312 1683 oratore

410 1721 475 1791 Βία
492 1721 651 1817 Phrygias
667 1726 782 1796 damas
800 1725 873 1821 (23)
888 1727 1049 1798 laceratas
1066 1727 1162 1797 dente
1179 1724 1333 1795 molosso:

408 1837 472 1907 Βία
489 1837 648 1931 Ligurum
665 1839 737 1934 (24)
757 1849 893 1922 montes,
911 1852 943 1913 et
953 1842 1070 1912 classes
1080 1841 1153 1934 (25)
1162 1837 1450 1936 Parthenopaeus

408 1950 574 2032 Carmine,
591 1977 658 2048 quo
675 1955 777 2047 pomis
793 1955 930 2028 Alcidae
948 1955 1021 2051 (26)
1039 1963 1175 2049 tangere
1192 1955 1308 2038 Gades,

408 2065 451 2134 Et
466 2087 532 2158 qno
548 2075 580 2136 tc
598 2066 717 2140 rclluus
733 2070 882 2163 relegens
899 2069 1078 2142 mirabitur
1095 2072 1179 2140 lster

408 2178 451 2247 Et
469 2177 591 2249 Pharos
608 2180 690 2273 (27),
708 2190 739 2252 et
755 2183 923 2276 quondam
942 2205 1082 2276 regnum
1098 2191 1131 2254 te
1148 2194 1259 2254 noscet
1276 2181 1424 2256 Elimne.

407 2293 443 2366 Si
460 2303 493 2364 tc
509 2297 598 2366 lema
611 2295 716 2390 juvat,
733 2319 838 2391 parvo
855 2307 888 2370 te
904 2299 1014 2370 limite
1031 2308 1160 2393 septum

408 2409 484 2480 Non
503 2421 672 2483 contentus
690 2411 765 2496 eris,
781 2436 843 2484 nec
860 2414 963 2507 vulgo
975 2413 1087 2509 jndice
1105 2413 1178 2510 (28)
1196 2413 1281 2486 tolli.

408 2525 461 2594 En
478 2547 541 2620 ego
554 2524 628 2620 jam
645 2526 782 2619 primm,
799 2527 827 2598 si
845 2527 983 2622 dignum
1001 2527 1131 2599 duxerin
1148 2551 1228 2611 eece,
1334 2579 1338 2596 .

341 2653 346 2662 ·
405 2639 552 2712 Clericus
568 2640 736 2714 Aonidum
755 2643 838 2736 (29),
855 2641 981 2714 vocalis
996 2664 1102 2715 verne
1119 2642 1278 2726 licronis,

408 2757 565 2828 Promere
583 2755 764 2850 gymnasiis
780 2765 814 2827 te
830 2755 1019 2828 delectabor
1034 2763 1195 2828 orantum

405 2866 524 2939 Inclita
541 2871 653 2964 pcneie
672 2871 744 2965 (30)
762 2869 963 2942 redolentem
981 2879 1133 2964 tempora
1149 2869 1257 2952 nertin

407 2982 454 3052 Ut
471 2985 653 3074 praelectus
670 3007 755 3079 equo
773 2981 838 3056 cibi
854 2981 983 3077 plaudit
998 2998 1120 3077 praeco
1135 3003 1273 3056 conon!

405 3097 503 3166 Festa
520 3097 680 3191 trophaea
696 3097 787 3172 ducis
805 3097 927 3192 populo
943 3098 1157 3191 praetendere
1173 3096 1271 3169 laeto.

409 3212 487 3282 Jnm
505 3211 591 3288 mihi
609 3211 777 3286 bellisonis
794 3211 930 3286 horrent
945 3211 1159 3308 'clangoribus
1175 3229 1279 3284 aureo·
