2890 4978
366 453 465 506 nrnnn
490 455 652 508 sncnnnns
846 439 919 508 495

396 677 539 752 CAPUT
572 679 628 750 IX.

59 923 123 984 011ss
137 923 205 974 m
222 925 437 978 ramelenus
454 927 488 976 m
507 927 826 990 comoriensem
846 928 889 978 BT
908 929 997 990 QUOD

117 1037 249 1089 suanm
267 1040 300 1090 nt
318 1039 486 1092 ΕΔΝΤΙΟΝΕ
504 1040 739 1092 nmnclnsnlon
757 1043 840 1092 Paos
857 1043 925 1092 EST.

100 1241 169 1328 Quia
183 1253 219 1314 ut
233 1245 359 1318 dictum
377 1257 433 1330 est,
457 1247 575 1320 Contio
600 1257 646 1318 est
672 1247 859 1343 conjugatio
885 1251 1028 1322 Stantia·

55 1377 110 1436 rnna
122 1357 261 1452 ignorato
277 1361 355 1458 qrrid
380 1361 423 1434 sit
447 1363 584 1448 Stantia,
610 1385 737 1433 occaso
762 1371 809 1432 est
833 1362 1029 1434 Contionem

57 1467 174 1560 ignom
188 1496 269 1544 nam
295 1499 336 1546 ex
359 1475 588 1548 diffinientium
613 1475 799 1568 cognitione
824 1473 953 1544 diffiniti
979 1500 1031 1546 re-

59 1581 122 1654 nitat
147 1587 308 1682 cogniti03
332 1600 365 1661 et
389 1590 463 1662 ideo
488 1601 720 1684 consequenter
750 1589 791 1660 de
824 1589 950 1660 Stantia
984 1599 1032 1659 est

61 1700 184 1788 cendum,
199 1713 235 1774 nt
251 1704 375 1776 scilicet
391 1707 596 1801 vestigemus,
621 1705 699 1799 quid
726 1704 796 1797 ipsa
820 1704 871 1785 sit,
896 1704 1031 1798 etquid

62 1833 97 1900 pu
107 1837 163 1886 eam
179 1819 360 1914 intelligere
376 1821 538 1892 volumus.
556 1823 599 1890 Et
616 1819 702 1890 circa
719 1819 782 1888 hoc
797 1819 964 1889 sciendum
973 1827 1031 1902 est,
1049 1865 1053 1876 ·

64 1929 179 2018 tudhoc
192 1935 392 2008 vocabulum
409 1947 468 2030 pe'r
483 1936 580 2007 soiius
605 1936 684 2006 artis
709 1945 890 2027 respectum
916 1934 1032 2004 iuven·

66 2049 111 2110 [tlt
125 2058 169 2130 ot,
190 2049 353 2132 videlicet,
377 2061 414 2124 ut
439 2052 474 2120 in
498 2071 565 2145 quo
590 2057 659 2120 tota
683 2048 851 2119 Contionis
877 2069 930 2118 ars
952 2053 1034 2118 esset

67 2167 176 2243 octeno,
190 2163 268 2234 illud
286 2164 446 2234 diceretur
464 2163 599 2246 Stantia,
615 2163 678 2235 hoc
694 2173 742 2234 est
767 2161 893 2236 mansio
919 2183 1034 2254 capax,

70 2269 100 2338 ui
110 2278 323 2370 retentaculum
340 2278 439 2348 totius
454 2277 542 2348 artis.
559 2279 646 2350 Nom
656 2278 930 2372 quemadmodum
947 2275 1033 2346 Can-

70 2379 139 2455 tiout
151 2391 305 2483 gremium
320 2391 419 2464 totius
434 2391 622 2476 sententiae,
639 2393 686 2462 sic
703 2392 828 2466 Stantia
852 2399 955 2462 totam
981 2415 1034 2462 ar-

74 2501 112 2564 tu
124 2500 287 2595 ingremiat:
304 2527 363 2576 nec
379 2505 456 2576 licet
472 2505 595 2600 aliquid
613 2507 691 2578 artis
713 2505 919 2600 sequentibus
944 2527 1035 2575 arro-

72 2613 177 2692 ittttcd
197 2619 300 2690 solam
325 2627 430 2690 artem
455 2621 672 2710 antecedentis
698 2619 841 2700 induero:
866 2642 925 2714 per
949 2620 1035 2714 quod
1155 2662 1159 2689 ι

75 2732 213 2822 ditiquod
235 2733 307 2826 ipsa
332 2733 372 2802 de
396 2757 460 2832 qua
483 2733 661 2828 loquimur,
687 2733 749 2804 erit
774 2732 1035 2815 conterminatio,
1138 2799 1141 2806 .

75 2851 114 2902 ore
125 2861 273 2940 compages
289 2847 439 2918 omnium
448 2869 562 2918 eorum
580 2871 664 2941 qnae
680 2846 798 2918 Contio
813 2845 913 2916 sumit
922 2845 965 2915 ab
981 2869 1035 2916 or·

75 2953 193 3042 equod
206 2960 402 3044 divaricatis,
418 2985 517 3056 quam
534 2961 730 3055 quaerimus,
747 2959 921 3052 descriptio
939 2959 1035 3030 inno-

76 3063 136 3132 torit
148 3071 214 3142 Tota
231 3074 332 3168 igitur
348 3099 401 3145 ars
417 3075 584 3146 Contionis
601 3074 688 3146 circa
712 3074 776 3146 tria
801 3073 930 3146 videtur
954 3097 1033 3144 con-

77 3167 155 3260 sstttt
176 3187 272 3278 primo
299 3189 387 3259 circa
412 3200 525 3260 cantus
548 3187 754 3269 divisionem,
779 3190 921 3258 secundo
946 3187 1034 3260 circo

80 3290 170 3370 unium
182 3298 411 3386 habitudinem,
428 3304 525 3373 tertio
541 3302 629 3372 circo
647 3323 819 3372 numerum
837 3300 1035 3382 carminum,

81 3405 281 3496 “illibanum
307 3418 347 3488 dc
373 3415 508 3487 rithimo
533 3441 610 3486 vero
636 3415 837 3487 mentionem
863 3436 928 3482 uon
954 3413 1035 3482 iaci-

82 3525 199 3631 fffltqoia
212 3531 247 3600 de
263 3531 397 3626 propria
413 3531 582 3602 Contionis
598 3543 667 3602 arte
684 3553 750 3600 non
768 3539 824 3599 est.
842 3527 932 3600 Licet
942 3527 1032 3599 enim

84 3643 102 3688 ¹¹¹
112 3635 217 3720 quibet
231 3645 354 3716 Stantia
371 3645 525 3715 rithimus
541 3645 708 3726 innovare,
726 3653 758 3715 et
780 3643 908 3712 eosdem
936 3641 1032 3714 reite·

83 3751 305 3842 occubitum,
322 3761 417 3854 quod,
434 3758 461 3830 si
478 3761 518 3831 de
541 3761 675 3854 propria
698 3756 867 3830 Contionis
891 3765 960 3828 arte
985 3755 1031 3825 ri-

84 3845 159 3928 dau,
171 3886 245 3954 essct,
261 3873 397 3944 minime
415 3874 535 3956 liceret,
552 3876 637 3968 quod
662 3873 785 3943 dictum
810 3881 866 3942 est.
892 3871 925 3944 Si
951 3869 1029 3964 quid

85 3975 153 4042 oen
177 3981 284 4060 rithimi
318 4013 447 4062 serrare
482 3989 622 4072 interest
648 3986 744 4083 hujus
768 3987 926 4084 quod-est
951 3983 1029 4058 artis
