2978 4984
512 483 584 548 662
787 458 831 552 nn
856 503 1057 554 uerrucam

410 604 551 680 Videtur
566 607 656 678 enim
674 607 708 678 in
729 608 874 702 patiente
897 619 930 679 et
949 607 1112 702 disposito
1136 611 1230 678 actm
1256 605 1429 677 activo-rm

408 720 520 790 inesse:
534 725 588 796 sed
605 722 741 794 ecelesia
756 725 894 795 omnino
911 723 1103 816 indisposita
1119 731 1190 793 erat
1206 723 1249 793 ad
1280 731 1429 814 tempra-

409 835 455 904 lia
474 836 670 930 recipienda,
688 860 747 930 per
762 849 973 932 praeceptum
991 835 1232 930 prohibitivum
1242 859 1431 930 exprm·

412 958 449 1018 ut
467 947 626 1020 hahemus
642 975 701 1044 per
716 951 921 1024 Matthaenm
937 953 994 1023 sic:
1011 951 1118 1022 Nolite
1130 953 1298 1044 pomum
1314 973 1429 1030 num,

357 1083 364 1105 l
413 1085 510 1153 neque
520 1079 797 1158 aromatumque
803 1069 971 1158 pecuniam
981 1069 1017 1136 in
1028 1069 1116 1138 sonis
1125 1069 1247 1146 ceum,
1260 1089 1331 1135 non
1337 1087 1429 1158 pem

410 1177 447 1245 in
465 1181 529 1260 cic,
546 1193 600 1248 etc.
618 1183 704 1252 Nam
721 1181 781 1252 etsi
800 1205 859 1274 per
878 1183 1003 1254 Lucam
1019 1177 1179 1250 hahemus
1200 1180 1428 1252 relaxationem

412 1292 587 1384 praecepti,
604 1305 763 1388 quantum
781 1295 822 1366 ad
838 1293 1014 1388 quaedam:
1031 1294 1071 1365 ad
1083 1293 1323 1386 possessionem
1334 1305 1427 1364 tanen

413 1404 485 1474 anri
497 1415 529 1474 et
539 1407 676 1500 argenti,
692 1407 896 1478 licentiatam
907 1407 1087 1478 Ecclesiam
1100 1417 1172 1499 post
1181 1405 1428 1498 prohibitionem

410 1517 504 1588 illam
522 1520 672 1592 invenire
687 1544 753 1592 non
765 1520 866 1616 potui
875 1525 986 1607 Quare
1000 1521 1031 1592 si
1049 1519 1197 1592 Ecclesia
1213 1520 1359 1613 recipcre
1373 1542 1428 1588 non

411 1643 549 1726 poterat,
566 1638 643 1708 dato
659 1637 746 1732 quod
761 1636 992 1706 Constantinus
1008 1635 1071 1704 hoc
1088 1637 1196 1706 facere
1224 1633 1370 1726 potuisset
1393 1635 1429 1702 de

409 1770 455 1828 se;
473 1751 559 1820 actio
577 1761 686 1824 tamen
705 1753 764 1822 illa
780 1775 846 1822 non
864 1761 935 1822 erat
953 1749 1125 1844 possibilis,
1144 1749 1428 1842 propterpatientis

413 1861 704 1956 indispositionem.
719 1870 813 1936 Patet
830 1864 941 1958 igitur,
956 1865 1044 1960 quod
1055 1885 1114 1932 nec
1131 1861 1272 1932 Ecclesia
1287 1861 1427 1954 recipere

412 1999 471 2068 per
489 1980 622 2050 modum
641 1979 857 2074 possessionis,
878 2003 938 2050 nee
964 1980 1021 2050 ille
1046 1981 1196 2050 conferre
1221 2001 1274 2071 per
1297 1979 1424 2048 modum

413 2088 621 2160 alienationis
638 2101 773 2186 poterat
789 2098 920 2164 Poterat
936 2103 1048 2164 tamen
1066 2097 1253 2186 Imperator
1268 2092 1301 2161 in
1322 2102 1425 2184 patro·

412 2202 539 2272 cinium
556 2207 732 2290 Ecclesiae,
751 2208 986 2301 patrimonium
1002 2219 1034 2276 et
1051 2207 1119 2278 alia
1136 2209 1304 2300 deputare,
1319 2205 1428 2275 immo-

412 2327 448 2386 to
472 2341 602 2410 semper
625 2321 786 2413 superiori
810 2320 970 2404 dominio.
996 2321 1088 2416 cujus
1114 2320 1223 2392 unitas
1247 2320 1426 2392 divisionem

414 2455 480 2502 non
498 2434 630 2527 patitur.
647 2439 777 2508 Poterat
794 2447 827 2508 et
843 2436 986 2508 vicarius
1004 2437 1067 2506 Dei
1093 2436 1250 2530 recipcre,
1278 2459 1337 2506 non
1361 2447 1425 2506 tan-

410 2571 513 2640 quam
532 2573 700 2642 possessor,
716 2552 771 2622 sed
788 2560 947 2645 tanquam
963 2551 1128 2622 fructuum
1139 2573 1199 2642 pro
1212 2549 1347 2620 Ecclesia
1356 2571 1425 2642 pm·

416 2686 480 2756 que
497 2663 616 2736 Christi
634 2667 831 2758 pauperibus
848 2666 1068 2760 dispensatum
1084 2666 1172 2760 quod
1198 2664 1359 2760 Apostolos
1382 2665 1425 2733 ie·

417 2779 508 2862 cisse,
527 2803 594 2850 non
612 2781 790 2876 ignoretur.

501 3927 618 4000 Adhuc
634 3930 756 4016 dieunt,
773 3933 860 4028 quod
887 3932 1055 4006 Adrianus
1079 3935 1180 4027 Papa,
1197 3930 1338 4004 erratum
1356 3917 1420 3990 m-

425 4063 528 4133 gnum
545 4043 609 4118 sihi
627 4057 658 4116 et
677 4047 842 4121 Ecclesiae
859 4049 1032 4124 advocavit
1049 4047 1330 4145 longobardorum
1348 4047 1422 4104 tem·
