2914 4982
455 429 530 510 sm
729 454 771 508 nn
797 429 999 505 nonancnri
1319 531 1323 536 ἱ
1348 527 1354 538 .

352 559 388 640 in
413 555 605 662 operatione
627 587 684 634 sna
705 563 832 657 justitia
857 560 921 632 erit
947 559 1097 654 amplior.
1116 559 1168 658 Ex
1184 555 1245 654 liar
1263 559 1362 656 itaque

352 683 570 755 declaratione
586 681 632 751 sic
649 676 962 773 arguaturtlnstitia
978 675 1147 768 potissima
1163 685 1211 745 est
1228 675 1260 744 in
1276 701 1364 747 mnn-

353 800 405 880 ln
422 793 792 894 quandovolentiseimo
809 801 841 863 et
858 789 1083 884 potentissimo
1107 787 1251 883 subjecto
1277 787 1364 859 inea:
1443 831 1444 892 l

353 910 551 1004 Hnjnsmodi
576 897 663 980 soleis
688 905 871 978 Monarelra
896 913 957 976 est:
974 907 1065 1000 Ergo
1090 901 1151 974 soli
1178 903 1367 974 llonarelne
1443 943 1444 986 ι

353 1026 501 1096 insistens
513 1024 651 1136 justitia,
669 1008 704 1091 in
722 1021 846 1092 mundo
862 1019 1032 1113 potissima
1049 1030 1104 1090 est.
1129 1023 1193 1090 lste
1219 1019 1368 1148 prosyllo-
1443 1101 1444 1104 Ἴ

352 1135 475 1232 g'ismus
491 1129 593 1209 curnt
609 1147 668 1232 per
683 1135 859 1208 secundam
877 1135 1027 1228 liguram
1038 1158 1113 1204 enm
1131 1133 1309 1228 negatione
1325 1133 1367 1202 in-
1443 1115 1444 1198 l

353 1244 510 1332 trinsera3
527 1261 559 1322 et
576 1250 756 1322 estsimilis
773 1249 864 1321 huie:
880 1251 988 1320 Omne
1006 1251 1033 1319 B
1048 1257 1094 1318 est
1105 1249 1145 1331 Α,
1162 1249 1272 1320 solnm
1289 1247 1314 1318 C
1329 1259 1367 1316 eet
1443 1229 1444 1298 ἶ

354 1367 403 1442 Α;
420 1388 500 1456 ergo
515 1367 662 1438 solumi]
680 1377 728 1436 est
743 1367 779 1434 n:
801 1367 896 1451 Quod
921 1373 985 1434 est:
1001 1366 1109 1434 Omne
1126 1365 1153 1434 B
1172 1372 1223 1434 est
1240 1364 1282 1443 Α,
1309 1361 1369 1430 nnl-

356 1479 425 1550 lirm
444 1481 613 1572 praeterC
632 1489 679 1550 est
696 1480 744 1560 n;
762 1501 841 1572 ergo
857 1479 985 1549 nullum
1002 1490 1132 1572 praeter
1148 1477 1173 1547 C
1193 1485 1241 1547 est
1268 1479 1368 1556 llere.
1443 1537 1444 1542 ,

354 1595 466 1664 Prima
482 1592 659 1688 propositio
676 1593 896 1666 declaratione
913 1595 1126 1686 praecedente
1143 1603 1292 1686 apparet.
1302 1591 1367 1663 Alia

352 1707 399 1776 sie
424 1707 622 1788 ostenditur,
646 1718 678 1778 et
703 1708 848 1802 primum
873 1717 1032 1802 qnantum
1058 1709 1101 1778 ad
1126 1707 1231 1789 velle,
1267 1707 1369 1776 deinde
1443 1749 1444 1752 =

355 1833 514 1914 qnantum
541 1824 581 1893 ad
608 1845 709 1916 posse.
735 1821 786 1892 Ad
812 1822 1011 1893 evidentiam
1043 1821 1144 1916 primi
1180 1823 1368 1896 notandum.
1443 1867 1444 1874 ι

354 1939 439 2030 quod
452 1939 599 2032 justitiae
616 1931 761 2009 maxime
779 1937 998 2008 contrariatur
1023 1936 1195 2030 cupiditas,
1212 1948 1251 2007 nt
1276 1932 1366 2007 innuit
1443 1923 1444 1940 ³

356 2050 544 2122 Aristoteles
561 2051 596 2120 in
612 2053 726 2146 quinto
745 2053 785 2123 ad
796 2050 1044 2124 Nioomarhnm.
1056 2055 1196 2122 Remota
1207 2051 1366 2144 cupiditate
1443 2115 1444 2118 ,

356 2165 503 2238 omnino.
520 2165 604 2237 nihil
626 2165 773 2260 justitiae
797 2176 896 2237 restat
912 2167 1095 2244 adversum:
1112 2165 1200 2235 unde
1217 2161 1368 2236 sententia
1443 2179 1444 2200 ¹

356 2277 543 2371 Philosophi
560 2291 616 2360 est,
633 2291 668 2350 ut
685 2303 767 2374 quae
789 2281 863 2374 lege
889 2277 1102 2350 determinari
1128 2291 1271 2371 pessrrnt,
1288 2275 1367 2348 nullo
1443 2297 1444 2382 p

357 2391 456 2460 modo
468 2390 574 2485 judici
592 2391 825 2488 relinquantur.
842 2393 885 2464 Et
901 2391 964 2462 hoe
981 2401 1073 2463 metu
1098 2390 1283 2484 rupiditatis
1305 2387 1370 2461 lieri
1443 2403 1444 2406 ’

358 2515 495 2598 oportet,
505 2508 551 2579 ‘de
566 2505 658 2578 facili
676 2517 801 2578 mentes
816 2508 990 2578 hominum
1006 2507 1230 2600 detorquentis
1249 2504 1311 2578 Ubi
1320 2525 1368 2574 er·

360 2641 403 2710 go
421 2643 487 2690 non
504 2635 551 2692 est
567 2623 653 2717 qnod
671 2623 772 2715 possit
796 2620 914 2715 optari,
932 2619 1134 2714 impossihile
1152 2627 1196 2690 ιιι
1210 2617 1256 2688 ini
1281 2615 1366 2710 rupi·
1443 2661 1444 2714 3

361 2734 496 2807 (litatem
514 2738 777 2818 emeretensis
794 2737 884 2808 enim
901 2736 1045 2831 objectis,
1057 2735 1223 2828 passiones
1238 2753 1371 2805 essenon
1443 2717 1444 2760 l

359 2864 501 2942 possunt
518 2852 580 2924 Sed
599 2849 778 2922 Monarcha
796 2873 861 2920 non
888 2850 988 2922 habet
1012 2851 1098 2943 qnod
1126 2849 1228 2942 possit
1252 2859 1373 2942 optare:
1443 2849 1444 2860 ’

358 2972 416 3035 s'na
433 2987 575 3058 namque
589 2965 776 3060 jurisdictio
794 2965 990 3036 terminatur
1005 2967 1139 3036 Oceano
1157 2965 1282 3044 solum:
1296 2959 1372 3056 quod

360 3101 428 3151 non
445 3079 605 3173 contingit
622 3079 827 3174 Principibus
852 3080 936 3162 allis,
953 3102 1091 3174 qnomm
1119 3079 1318 3172 principatus
1339 3073 1372 3145 ad
1443 3091 1444 3164 j

360 3193 443 3264 alios
458 3193 692 3274 terminantnm
711 3205 748 3264 ut
765 3205 844 3288 puta
862 3195 960 3287 Regis
976 3193 1144 3273 Castaliae,
1156 3195 1198 3264 ad
1217 3193 1311 3264 illum
1326 3187 1372 3284 qui
1443 3185 1444 3204 ¹

361 3306 460 3401 Regis
476 3308 680 3401 aragonum.
699 3309 749 3378 Ex
764 3304 832 3403 qno
848 3307 1003 3402 requitur,
1020 3309 1107 3401 quod
1126 3307 1306 3378 Monarcha
1320 3305 1375 3374 sin-
1443 3307 1444 3390 ]

361 3422 571 3494 senissimum·
595 3422 680 3493 inter
713 3423 869 3492 mortales
890 3421 1037 3516 justitiae
1062 3421 1163 3515 possit
1187 3447 1258 3493 esse
1282 3419 1374 3512 snlrje·
1443 3477 1444 3518 3

307 3633 313 3640 .
361 3545 459 3609 ritum.
468 3541 652 3618 Ptaeteren
661 3537 939 3634 quemadmodum
957 3536 1116 3630 cupiditas
1124 3537 1324 3608 habitualem
1331 3533 1375 3626 jn
1443 3519 1444 3528 ἵ

359 3649 484 3720 stitiam
500 3653 764 3746 quodammodo,
781 3662 1027 3745 quantnmrqne
1055 3645 1168 3745 paura,
1194 3651 1374 3724 obnubilat:
1443 3675 1444 3688 ι

360 3761 407 3832 sie
432 3761 582 3845 ebaritas,
599 3789 655 3836 sen
673 3775 764 3836 reeta
782 3764 923 3846 dilectio,
942 3765 1035 3835 illam
1053 3765 1140 3840 aruit
1157 3777 1256 3860 atque
1274 3760 1373 3836 dilud-

360 3877 424 3948 dat
441 3875 526 3948 Cum
543 3901 623 3971 ergo
639 3879 785 3950 maxime
802 3889 891 3950 recta
908 3877 1041 3950 dilectio
1067 3879 1171 3950 inesse
1199 3891 1311 3974 potest
1327 3897 1374 3970 po·

361 3988 520 4064 tissimum
537 3989 649 4064 lorum
666 3992 701 4064 in
718 3992 776 4066 illo
794 4001 900 4087 potest
917 3993 1039 4066 habere
1051 3993 1196 4088 justitia:
1209 3997 1375 4090 llnjrnmo·
1443 4051 1444 4084 3
