2914 4982
404 463 407 466 -
475 411 560 479 546·
747 423 1016 476 υιιοιυιοπυ

372 537 527 635 jamtitiae,
543 534 616 630 quis
639 529 787 604 dubitat?
804 531 868 602 uisi
884 531 941 626 qui
957 547 1074 602 vobem
1089 523 1176 598 brae
1193 543 1261 596 nou
1275 521 1385 598 'utallii

375 653 518 748 giteum
536 650 562 720 si
573 646 752 719 Monarcha
767 657 823 728 ast,
840 645 946 716 hostes
962 644 1084 716 babere
1100 663 1168 712 noa
1185 641 1294 736 possit
1307 641 1380 712 sab
1447 743 1448 746 Ἴ

376 763 477 860 igitur
500 763 665 834 declarata
687 771 735 834 ast
758 761 985 854 subassumpta
1009 758 1210 853 principalis,
1226 757 1303 852 quia
1318 779 1384 826 ma·

375 879 477 952 clusio
493 888 582 948 berta
597 885 658 948 est:
674 875 797 946 scilicet
812 876 897 970 quod
915 876 957 946 ad
973 874 1135 966 optimam
1153 871 1269 944 muudi
1290 871 1389 964 dispe

376 992 529 1064 sitiouem
553 1013 681 1062 aeroma
697 999 744 1060 est
760 988 988 1060 monarchiam
1004 1011 1081 1060 esse.

446 1222 496 1292 ¹Et
512 1220 693 1292 humanum
709 1240 821 1313 genus,
838 1215 1043 1311 potissimum
1060 1213 1348 1308 libemm‚0ptime
1359 1235 1388 1280 re

377 1333 486 1406 babet
511 1337 583 1405 Hoc
608 1334 671 1404 erit
696 1331 921 1414 manifestum,
946 1331 974 1400 si
1000 1329 1202 1425 principium
1229 1339 1339 1420 pateat
1356 1326 1391 1396 li-

376 1446 519 1518 bertatis.
536 1447 672 1539 Pmpter
696 1446 781 1540 quod
805 1444 984 1524 sciendum,
999 1446 1087 1540 quod
1106 1443 1312 1538 principium
1334 1441 1392 1535 pri·

378 1585 471 1632 mum
488 1571 616 1632 nostrae
631 1559 801 1640 libertatis,
818 1569 866 1630 est
889 1559 1024 1630 libertas
1040 1559 1181 1637 arbitrii,
1197 1581 1302 1652 quam
1316 1558 1392 1626 mul-

379 1671 405 1741 ti
430 1671 553 1742 babent
586 1672 621 1742 iu
651 1693 729 1750 ore.
763 1671 796 1741 iu
829 1673 1100 1743 intellecturum
1124 1671 1233 1766 pauci.
1259 1672 1392 1742 Veniunt

379 1811 522 1882 namque
538 1809 640 1880 usque
657 1787 698 1858 ad
714 1786 786 1867 hoc,
796 1796 831 1858 ut
846 1786 958 1856 (licant
975 1786 1117 1858 liberum
1133 1786 1313 1858 arbitrium
1326 1807 1391 1864 ue.

381 1900 524 1971 liberum
550 1901 591 1969 de
616 1885 781 1970 v'oluntate
802 1898 983 1993 judicium
999 1908 1032 1969 et
1056 1922 1173 1969 verum
1199 1901 1321 1978 diruat,
1341 1897 1390 1968 sul

382 2013 595 2104 importatum
615 2035 673 2104 per
688 2013 789 2084 verba
806 2013 966 2106 longeest
984 2013 1027 2082 ab
1044 2013 1108 2090 eis:
1124 2015 1388 2108 quemadmodum

382 2136 451 2196 tota
467 2126 520 2195 die
537 2125 651 2218 logici
669 2126 771 2194 nostri
789 2127 912 2198 faciunt
927 2127 967 2197 de
983 2126 1181 2220 quibusdam
1208 2127 1390 2222 prepositio-

383 2238 488 2320 nibus,
504 2262 588 2332 quae
604 2239 646 2310 ad
671 2240 858 2332 exemplum
873 2239 1067 2332 logicalibus
1085 2241 1327 2323 interseruntur,
1342 2265 1394 2335 pu·

380 2363 416 2424 ta
441 2355 481 2424 de
505 2351 583 2424 hac:
601 2353 794 2447 Triangulus
808 2353 908 2424 babet
924 2365 987 2424 tras
1004 2355 1151 2449 angulos,
1168 2357 1295 2428 duobus
1308 2357 1395 2428 mc&

383 2467 543 2562 aequales
562 2469 604 2538 Et
622 2466 694 2537 ideo
709 2465 795 2546 dieo,
812 2468 899 2561 quod
913 2466 1075 2561 judicium
1101 2467 1245 2540 medium
1270 2479 1317 2540 est
1338 2491 1395 2562 ap-

382 2579 606 2674 prehensionis
621 2591 654 2650 et
671 2579 842 2672 appetitus.
851 2581 881 2650 N
883 2603 939 2651 am
948 2581 1057 2673 primo
1075 2604 1127 2652 res
1143 2579 1394 2674 apprehenditur,

382 2694 499 2765 deinde
516 2692 718 2787 apprehensa
735 2693 824 2762 boua
840 2702 896 2765 aut
921 2694 1011 2765 mala
1032 2693 1213 2787 judicatam:
1228 2705 1260 2764 et
1282 2691 1396 2762 ultimo

376 2808 529 2902 judicans
545 2807 758 2901 pmsaquitur,
768 2816 823 2877 aut
841 2805 933 2900 fugit.
944 2809 979 2878 Sa
997 2829 1076 2900 ergo
1089 2805 1255 2900 judicium
1272 2815 1397 2876 moreat

376 2921 522 2992 ,omniuo
539 2922 730 3014 appetitum,
747 2930 780 2992 et
796 2920 887 2991 uallo
903 2922 1002 2992 modo
1013 2920 1245 3014 praeveniatur
1254 2922 1297 2992 ab
1306 2921 1396 3002 euli-

378 3033 499 3104 berum
517 3045 573 3104 est.
591 3033 625 3106 Si
644 3055 724 3105 vero
741 3034 784 3104 ab
801 3034 957 3127 appetitu,
975 3055 1168 3128 quoeunque
1186 3035 1288 3106 modo
1312 3057 1395 3128 prae·

380 3150 540 3230 veniente,
554 3147 718 3241 judicium
735 3159 917 3230 moveatur,
934 3147 1078 3218 liberum
1103 3171 1171 3218 esse
1197 3169 1266 3220 uua
1292 3157 1393 3243 potat

377 3260 540 3358 quianon
557 3283 577 3330 a
594 3283 637 3342 se,
654 3261 709 3332 sed
735 3262 777 3331 ab
795 3261 862 3332 alio
887 3259 1054 3354 captivum
1081 3259 1233 3332 trabitur.
1261 3265 1305 3334 Et
1327 3262 1394 3332 biae

379 3388 436 3458 est,
445 3375 533 3472 quod
544 3375 639 3444 bruta
645 3372 807 3467 judicium
816 3375 956 3446 liberum
967 3374 1090 3446 babere
1100 3395 1165 3445 nou
1176 3376 1394 3472 pomumquia

377 3511 493 3562 eorum
516 3487 644 3583 judicia
669 3511 798 3581 semper
823 3487 971 3581 appetitu
986 3488 1254 3581 praeveniuntur.
1272 3493 1315 3561 Et
1329 3489 1395 3559 biae

375 3603 480 3673 etiam
497 3613 608 3695 patere
626 3611 739 3694 potest,
753 3601 840 3696 quod
856 3601 1054 3674 substantiae
1071 3601 1395 3698 intellectualaqua·

378 3739 453 3786 rum
469 3725 544 3790 suut
568 3713 792 3787 immutabiles
816 3713 1009 3798 voluntates,
1026 3739 1087 3786 nee
1112 3736 1178 3786 uon
1204 3717 1339 3790 animae
1352 3741 1393 3786 se·

372 3837 514 3922 *paratae
538 3827 622 3898 bene
647 3827 724 3898 bine
748 3829 913 3912 meantes,
928 3828 1115 3900 libertatem
1130 3828 1264 3902 arbitrii
1281 3831 1326 3902 ob
1341 3829 1393 3898 iu-

378 3937 634 4015 mutabilitatem
660 3939 836 4014 voluntatis
860 3963 927 4012 noa
953 3940 1124 4026 amittunt,
1149 3943 1205 4014 sed
1239 3941 1395 4036 perlectis·
