2964 4984
493 463 564 552 toi
825 487 983 545 nonoonn

365 649 369 662 ι
391 610 509 682 Nonne
525 602 739 698 triumphales
756 601 828 696 (28)
846 600 964 715 meiius
980 615 1101 694 penore
1117 587 1263 696 capillos,

397 729 450 808 Et,
468 722 575 818 patrio
592 721 723 791 mdeem
741 717 767 787 'si
781 717 926 810 quando,
943 715 1141 786 ahsoondem
1160 717 1232 812 (29)
1249 739 1351 790 cenos

395 838 523 908 Fronde
539 837 599 907 snb
617 836 737 910 inserta
755 831 886 900 solitum
904 829 1078 902 flavescere
1096 831 1179 925 (30),
1198 835 1303 904 Samo
1320 833 1432 928 (31)ῗ’

290 949 297 962 ’
392 953 461 1022 llie:
476 949 549 1046 quis
565 949 627 1018 hoc
644 931 792 1019 dubitet?
810 943 1045 1040 propterquod
1063 946 1186 1039 respioe
1202 957 1343 1041 tompus,

395 1065 517 1158 Tytire
535 1084 634 1158 quam
652 1062 759 1138 volox:
775 1083 855 1131 nem
868 1061 941 1154 jum
957 1083 1093 1130 senuero
1109 1063 1265 1153 capellae,

395 1179 484 1262 Quas
500 1176 705 1270 concepturis
722 1173 870 1244 dedimus
888 1197 947 1247 nos
962 1173 1123 1245 matribus
1138 1171 1256 1246 hireos

394 1293 485 1360 Tuno
506 1315 577 1385 ego:
594 1311 695 1384 quum
712 1288 827 1358 mundi
847 1289 918 1380 (32)
936 1285 1130 1359 circumflua
1146 1279 1286 1382 corpora
1303 1298 1410 1363 contu

391 1404 636 1499 Asinioolneque
654 1425 738 1486 meo,
755 1401 844 1474 velut
861 1403 967 1473 iniere
983 1425 1095 1496 regna,
1112 1405 1280 1496 patebunt,

395 1519 571 1590 stincine
588 1529 685 1612 caput
703 1519 775 1610 (33)
791 1517 921 1602 hedera,
938 1518 1096 1612 lauroque
1107 1516 1250 1611 juvabit.

393 1637 560 1707 Cous-edat
576 1637 732 1728 Mopsus?
750 1636 889 1728 Mopsus,
907 1647 984 1705 turm
1001 1634 1068 1716 iiie,
1084 1634 1188 1728 quid?
1206 1633 1320 1728 inquit

398 1751 537 1822 Comiea
555 1751 626 1842 (ut)
644 1771 754 1820 nonne
770 1749 861 1820 vides
878 1749 985 1842 ipsum
1003 1748 1239 1843 reprehendere
1257 1749 1369 1832 verba,

399 1869 486 1936 Tum
502 1866 582 1960 quin
600 1865 764 1936 foemineo
781 1876 934 1934 resonant
949 1876 985 1934 ut
1001 1865 1078 1935 tritn
1096 1863 1168 1958 (35)
1185 1865 1320 1949 labello,

351 1975 355 1982 ’
399 1983 482 2052 Tum
499 1980 577 2076 quin
594 1979 752 2050 Castalios
769 1981 866 2074 pudet
883 1991 1053 2074 eoeepnnro
1068 1985 1221 2050 sorores?

402 2098 475 2188 ipse
492 2118 554 2189 ego
571 2095 733 2189 respondi
749 2117 861 2166 versus
879 2096 1062 2189 iterumque
1079 2093 1192 2188 relegi,

401 2210 524 2302 Mopse,
541 2219 621 2279 tuos
638 2211 730 2281 Tune
747 2209 802 2280 ille
818 2209 971 2279 humeros
988 2209 1160 2290 contraxit,
1177 2217 1219 2290 et,
1237 2209 1328 2303 Engo

400 2323 487 2409 Quid
505 2323 673 2407 iaciemus,
690 2323 747 2406 ait,
764 2325 916 2418 Mopsum
932 2347 1087 2395 revocare
1104 2324 1177 2418 (36)
1194 2324 1365 2395 volentes?

402 2439 459 2508 Est
477 2461 723 2532 menumquam
741 2438 846 2510 noscis
863 2439 934 2510 ovis
952 2439 1024 2532 (37)
1040 2437 1237 2532 gratissimo,
1254 2438 1335 2522 dixi,

402 2553 515 2624 Ubere
531 2553 588 2622 vix
605 2577 689 2650 quae
706 2554 791 2625 ierne
808 2565 922 2648 potest,
938 2565 1008 2624 tem
1022 2551 1118 2624 luetis
1136 2553 1315 2634 abundans,

405 2667 511 2761 (Rupe
526 2667 586 2739 sub
603 2669 729 2762 ingenti
747 2671 819 2764 (38)
836 2681 965 2764 carptus
981 2671 1080 2740 modo
1097 2669 1243 2740 ruminat
1258 2667 1387 2764 herhns)

273 2865 276 2874 Α
406 2782 498 2854 Nulli
517 2781 588 2877 (39)
601 2785 717 2880 juncta
731 2785 836 2879 gregi,
853 2784 951 2856 nullis
968 2793 1156 2878 assuetaque
1172 2782 1286 2866 oeulis,

375 2970 382 2984 ,
407 2901 530 2990 Sponte
549 2900 620 2992 (10)
639 2899 751 2972 venire
762 2901 851 2983 solet,
862 2923 1043 2996 numepmm
1053 2899 1087 2970 vi
1098 2921 1229 2992 poscere
1239 2897 1427 2967 mulctrum:

409 3015 506 3086 Mane
521 3037 583 3108 ego
600 3017 778 3110 prosstoior
794 3013 947 3088 manibus
963 3015 1109 3108 mulgere
1127 3009 1258 3106 parntis
