2890 4978
359 461 361 468 ·
490 433 561 500 t82
701 449 744 500 uu
769 449 917 498 vomam
944 447 1087 507 auoouro

782 557 919 629 Amicus
934 556 1014 650 ejus:

462 675 581 766 moytia
596 675 643 744 mi
658 693 730 742 recu
746 674 831 742 netto
846 693 940 741 ruore
956 672 1073 740 ordire.

387 791 491 860 Arma
509 807 587 858 vero
605 785 731 858 nullum
747 787 868 858 Italum
886 784 993 858 adhuc
1018 785 1152 854 invenio
1178 795 1333 878 poetam
1350 785 1399 854 llir

387 901 522 996 proinde
541 899 625 980 ruis,
640 923 726 994 quae
742 900 888 972 cauenda
903 900 967 972 siut
977 897 1120 992 Vulgari
1138 898 1301 969 altissimo
1319 897 1398 966 iuuo·

388 1025 522 1086 leucum.

793 1246 936 1319 CAPUT
955 1249 1010 1318 111.

416 1501 602 1554 msrtttoun·
618 1501 735 1562 QUIBUS
753 1501 853 1552 ttoms
870 1499 1086 1552 votorum!
1103 1495 1376 1550 mmmmm

792 1615 1002 1666 marmur.

466 1823 561 1896 Nune
577 1835 686 1895 autem
704 1823 870 1918 quomodo
891 1845 931 1894 ea
956 1829 1104 1894 coartare
1136 1819 1306 1900 debemus,
1327 1835 1396 1910 qum

391 1947 484 2008 tauto
499 1948 574 2008 suut
597 1937 697 2031 digua
722 1939 874 2032 Vulgari,
899 1937 1037 2008 sollicite
1061 1935 1224 2028 vestigare
1249 1951 1393 2004 oooemur.

395 2049 550 2121 Voleutes
566 2073 646 2144 ergo
671 2051 805 2123 modum
831 2053 968 2134 tradere,
992 2075 1059 2146 quo
1083 2050 1183 2144 ligeri
1208 2049 1292 2120 haee
1313 2045 1394 2138 tigna

390 2161 540 2247 existant,
557 2164 703 2256 primum
720 2165 861 2237 dicimus
877 2189 944 2236 ease
965 2165 1005 2237 ad
1032 2164 1232 2236 memoriam
1258 2163 1393 2234 reducem

394 2276 483 2358 dum,
501 2279 588 2372 quod
607 2279 797 2372 vulgariter
813 2289 980 2373 poetautes
995 2301 1054 2350 sua
1070 2281 1227 2350 Poemata
1245 2276 1394 2348 multimo-

393 2392 443 2463 dis
461 2395 674 2488 protuleumtz
691 2396 825 2490 quidam
843 2419 901 2488 per
917 2395 1101 2476 Cautioues,
1118 2393 1254 2488 quidam
1271 2387 1396 2486 perBal-

393 2505 485 2591 latas,
501 2510 636 2604 quidam
656 2531 714 2603 per
730 2509 871 2592 sonitus,
887 2509 1023 2604 quidam
1041 2532 1100 2603 per
1116 2507 1200 2579 alios
1224 2505 1395 2599 illegitimos

392 2631 425 2692 et
442 2622 639 2717 irregulares
655 2625 777 2706 modos,
796 2636 832 2695 ut
847 2624 983 2694 iuferius
997 2625 1193 2694 ostendetur.
1209 2625 1327 2694 lloruru
1343 2639 1396 2688 au-

393 2745 461 2807 tem
478 2739 652 2809 modorum
670 2738 868 2813 Cautiouum
887 2740 1023 2809 modum
1040 2737 1340 2809 excellentissimum
1354 2753 1396 2800 ea·

393 2875 427 2922 ae
453 2875 635 2946 pensamus
659 2879 761 2950 quare
786 2854 812 2924 si
839 2853 1111 2926 excellentissima
1137 2847 1396 2926 excelleutissimis

392 2963 493 3056 digua
509 2976 592 3049 suut,
612 2979 646 3038 ut
663 2967 809 3061 superius
826 2978 873 3038 est
891 2969 1074 3062 probatum,
1086 2969 1143 3041 illa
1159 2993 1247 3064 quae
1255 2965 1393 3040 excelleu-

392 3075 518 3147 tissimo
535 3089 608 3149 suut
626 3081 777 3174 Vulgari,
794 3083 894 3152 modo
910 3083 1182 3154 excellentissimo
1206 3083 1306 3178 (ligna
1326 3085 1393 3150 suut.

393 3199 426 3258 et
443 3212 502 3283 per
519 3215 717 3288 oomequeus
732 3195 767 3265 iu
785 3195 999 3268 Cautiouibus
1009 3199 1392 3293 pertractanda;quodau-

393 3313 460 3374 tem
480 3307 596 3376 modus
613 3307 811 3380 Contionum
829 3309 971 3390 situlis,
988 3320 1024 3380 ut
1041 3311 1165 3382 dictum
1190 3323 1249 3394 est.
1266 3309 1392 3406 plurilus

393 3429 497 3511 puteat
523 3420 705 3493 rationibus
729 3422 889 3516 indagari.
915 3423 1026 3496 Prima
1050 3424 1183 3518 quidem
1217 3425 1310 3520 quia,
1332 3441 1391 3492 rum

392 3534 546 3630 quicquid
563 3535 788 3607 versificamur
803 3537 844 3607 sit
861 3536 979 3620 cautio,
990 3537 1077 3608 solae
1093 3537 1333 3609 Cautiorreshoc
1346 3553 1392 3604 ro·

394 3647 549 3717 eubulum
566 3649 630 3720 sibi
646 3651 779 3720 sortitae
796 3661 879 3722 sunt
895 3652 983 3746 quod
1000 3673 1171 3746 nunquam
1188 3653 1260 3724 siue
1285 3659 1389 3723 vetuo

394 3759 580 3853 provisione
598 3764 761 3854 pmoessit
780 3763 903 3846 Adhuc,
921 3763 1075 3859 quiequid
1094 3788 1202 3858 perse
1221 3766 1325 3860 ipsum
1339 3757 1391 3832 effi·

337 3955 341 3962 ¹
394 3870 438 3942 cit
453 3872 544 3955 illud,
555 3875 595 3945 ad
611 3877 697 3971 quod
713 3878 836 3949 lactum
853 3889 910 3962 oet,
920 3877 1063 3951 nobilius
1079 3901 1146 3950 ease
1163 3879 1300 3958 videtin,
1308 3893 1390 3972 quam

393 3988 479 4082 quod
496 3988 676 4062 extrinseco
694 3993 827 4086 indiget:
838 3993 892 4064 sed
902 3992 1077 4064 Cautiuues
1094 4016 1152 4085 per
1162 4003 1305 4064 setotum
1322 3983 1391 4084 qussi
