2978 4984
359 533 364 544 .
499 475 579 547 ‚680
782 493 826 544 ns
845 491 1044 542 uorsncmt

403 593 493 666 dium
513 605 560 666 cst
576 593 742 692 quoddam
761 593 1027 691 corruptibilium
1051 603 1084 666 et
1109 590 1425 688 irrumpam

314 707 323 742 '
372 699 378 710 ’
404 721 478 779 cnm
495 731 594 780 omne
610 709 757 782 medium
766 710 1033 805 capistraturam
1048 717 1424 790 cruomommtucoen

401 833 449 892 est
464 821 633 896 hominem
650 847 763 919 sapere
779 835 952 920 utramque
967 834 1131 898 patmum.
1147 825 1192 896 Et
1215 845 1296 896 cnm
1321 823 1423 894 omnis

403 948 520 1009 natura
535 941 577 1010 ad
593 939 748 1012 ultimum
765 940 927 1036 quendam
943 941 1044 1012 tinem
1059 939 1242 1022 ordinetur,
1257 939 1422 1034 conoqu-
1466 919 1467 990 l

403 1061 465 1135 tur,
476 1063 512 1123 ut
528 1051 672 1124 hominis
687 1054 806 1148 duplex
823 1053 897 1124 finis
912 1053 1037 1126 exista
1047 1055 1091 1124 Et
1106 1051 1191 1124 sicut
1208 1053 1298 1124 iuter
1312 1051 1417 1124 ornn'n

403 1163 493 1234 entia
508 1165 595 1236 solus
611 1165 955 1259 incorruptibilitatem
972 1175 1005 1237 et
1021 1165 1333 1258 corruptibilitatem
1349 1189 1416 1260 par-

402 1277 535 1372 ticipat:
551 1277 598 1348 sic
614 1279 701 1348 solus
718 1279 803 1350 inter
818 1278 932 1354 omnia
948 1280 1048 1360 entia
1064 1277 1101 1348 in
1116 1276 1184 1348 duo
1202 1278 1322 1350 ultima
1336 1279 1416 1348 ordl-

404 1403 517 1470 neturc
533 1413 674 1488 quorum
691 1391 830 1464 alterum
846 1392 889 1462 sit
905 1393 980 1464 finis
1003 1393 1082 1486 ejtu,
1106 1401 1207 1486 prout
1230 1391 1415 1486 corruptili·

404 1505 455 1589 lis,
473 1505 613 1578 alterum
630 1527 721 1587 vcro,
737 1515 835 1599 prout
859 1506 1128 1602 incorruptibilis
1145 1509 1239 1578 Duos
1263 1507 1360 1600 igitur
1381 1505 1416 1576 ί-

405 1641 463 1690 nes
486 1619 696 1692 Providentia
723 1619 782 1692 illa
806 1619 997 1693 inerrabilis
1022 1619 1152 1691 homini
1177 1621 1339 1715 proposuit
1363 1621 1415 1690 in·

405 1735 592 1818 tendendos,
617 1734 854 1807 beatitudiuem
879 1735 1004 1806 scilicet
1027 1734 1124 1829 hujus
1150 1735 1249 1818 vitae,
1271 1759 1349 1830 prae
1374 1735 1410 1804 in

404 1845 595 1942 operatione
612 1847 766 1943 propriae
783 1846 912 1920 virtutis
928 1847 1083 1932 consistit,
1099 1859 1133 1920 et
1158 1873 1215 1943 per
1234 1859 1409 1922 terream

404 1962 598 2034 Paradisum
625 1963 800 2056 figuratum
813 1973 858 2056 ct
883 1963 1120 2036 beatitudinem
1144 1963 1234 2038 ritae
1256 1973 1406 2046 m.

402 2101 490 2174 qnae
506 2078 651 2150 consistit
669 2078 877 2150 introitione
893 2078 999 2150 divini
1008 2079 1224 2172 aspectusad
1240 2101 1334 2173 quam
1344 2079 1408 2150 rir-

407 2201 457 2260 tuc
483 2191 618 2284 propriu
642 2193 814 2265 ascendere
839 2213 905 2261 non
932 2203 1046 2285 potest,
1072 2191 1134 2264 nisi
1161 2193 1288 2264 lumine
1310 2193 1411 2266 dirinc

408 2303 531 2396 adjuta,
548 2329 632 2400 quae
657 2329 716 2400 per
740 2307 933 2380 Paradisum
959 2309 1131 2378 coelestem
1157 2307 1299 2402 intelligi
1320 2309 1411 2380 datur.

406 2417 458 2488 Ad
475 2416 534 2488 has
547 2419 683 2513 quidem
708 2419 937 2503 beatiusdineit
954 2422 1043 2492 velut
1060 2422 1101 2494 ad
1125 2421 1273 2494 diversas
1295 2425 1410 2496 condu-

404 2532 522 2616 aiones,
539 2555 599 2626 per
614 2534 741 2606 diversa
757 2535 867 2606 media
890 2536 1002 2606 venire
1027 2545 1165 2632 oportet
1180 2539 1269 2610 Nam
1292 2539 1328 2610 td
1349 2537 1409 2632 pri-

407 2667 508 2724 mam.
525 2669 585 2738 per
600 2645 832 2742 Philosophica
848 2647 1045 2722 documenta
1070 2650 1235 2734 verrinum,
1250 2651 1409 2724 dnmmodo

407 2759 465 2831 illa
481 2783 663 2855 sequamur,
679 2761 857 2834 secundum
867 2760 1004 2836 virtutes
1020 2765 1161 2836 morales
1177 2774 1213 2836 et
1229 2764 1409 2836 intellectu·

403 2875 452 2946 les
467 2877 642 2970 operando.
660 2877 710 2952 Ad
728 2878 900 2949 secundum
919 2901 1009 2961 vero,
1026 2901 1087 2973 per
1108 2879 1306 2952 documenta
1325 2877 1408 2974 spiri-

405 2990 529 3072 tualia,
553 3014 639 3085 quac
663 2991 844 3064 humanam
868 2991 1034 3064 rationem
1058 2997 1311 3079 nascendum,
1330 2997 1408 3066 dm·

406 3105 505 3177 modo
515 3106 573 3178 ma
589 3131 763 3203 sequamur
779 3108 956 3181 secundum
973 3108 1109 3182 virtutes
1119 3111 1332 3206 'theologicas
1344 3131 1407 3202 opt·

406 3222 521 3302 raudo,
546 3222 644 3294 fidem
669 3223 809 3306 seilicet,
824 3246 919 3317 spem
944 3235 978 3294 et
1003 3223 1206 3298 charitatem.
1233 3229 1304 3298 nu
1325 3224 1408 3318 igion

405 3335 629 3407 conclusiones
645 3347 678 3408 et
695 3337 814 3420 media,
830 3338 908 3409 licet
924 3347 1051 3410 ostensa
1066 3339 1131 3410 sint
1149 3341 1256 3422 nobis,
1280 3340 1355 3412 hsce
1374 3334 1408 3408 tl

403 3448 550 3526 hnmana
566 3451 704 3536 ratione,
719 3477 804 3548 quae
821 3477 880 3548 pcr
896 3452 1106 3550 philosophos
1121 3463 1191 3530 tou
1215 3455 1310 3532 nobit
1330 3453 1407 3524 imo

406 3566 478 3648 tuit,
489 3567 577 3654 *haec
593 3593 613 3640 a
631 3569 755 3664 Spiritu
773 3571 903 3653 Sanno
918 3568 977 3664 qui
996 3594 1055 3665 per
1070 3569 1249 3664 Prophetas
1264 3566 1407 3661 suapte

405 3677 570 3773 graphoo,
601 3705 661 3776 per
691 3692 901 3758 maetcrnum
933 3684 1000 3756 sibi
1033 3684 1096 3756 Dei
1131 3685 1257 3758 Filium
1287 3677 1407 3756 Just!

406 3791 646 3878 CHRISTUM,
664 3807 697 3868 et
714 3819 773 3894 per
788 3799 858 3894 ejus
873 3797 1059 3894 discipulos,
1077 3800 1404 3894 npematnralcnrt·

408 3907 541 3980 ritatem
559 3932 598 3980 uc
614 3911 710 3982 nobis
727 3913 944 3986 necessariam
968 3911 1143 3996 rerelnmtt
1166 3913 1311 3986 hnmana
1329 3925 1402 3997 up·

404 4025 490 4098 ditas
506 4032 732 4119 prouergsrec
745 4027 812 4124 'nisi
829 4028 979 4102 homines
1003 4041 1162 4126 tanquam
1187 4019 1403 4132 aquini·-
