2890 4978
302 429 307 437 ·
411 427 421 450 ·
485 397 556 470 lto
694 415 738 469 nn
763 415 911 470 numam
931 411 1080 478 nannum

381 532 414 600 et
438 523 486 598 sie
510 523 643 620 cognito
669 523 871 605 tantumn,
893 521 1099 596 habitantum
1124 519 1346 618 engnnecitnr,
1367 524 1397 594 in

307 695 309 702 a
380 650 538 735 quantum
556 637 658 734 injus:
675 641 759 711 uude
775 637 908 732 engnita
923 637 1094 732 dignitate,
1110 661 1349 734 eognoecemm
1368 649 1397 710 et

380 753 526 846 dignum.
544 743 602 824 lte
616 749 707 826 enim
723 750 866 846 dignitas
883 749 1077 824 meritorum
1092 749 1238 833 efferum
1255 753 1326 823 m're
1340 761 1395 822 ter·

381 869 499 954 minim
510 877 545 940 ut
561 889 636 944 cunr
651 866 726 963 quie
740 864 954 950 lenemernit
972 863 1013 937 ad
1025 862 1317 958 benidignitatem
1333 885 1395 955 pe·-

381 992 514 1056 ventum
531 1005 597 1054 eese
613 977 761 1054 dieimrm·
771 1002 846 1051 cnm
864 979 951 1050 male
965 1000 1045 1051 vero
1061 977 1103 1048 ad
1121 975 1214 1048 mali:
1225 987 1308 1070 perta
1324 975 1396 1046 tere

383 1096 594 1179 militantem,
611 1097 652 1166 ad
670 1092 828 1168 victurine
842 1091 1048 1188 dignitatem
1059 1091 1144 1164 hene
1157 1101 1279 1164 autern
1295 1111 1396 1183 regen·

382 1223 459 1295 tem,
477 1211 518 1282 ad
536 1210 638 1304 regni:
656 1231 716 1281 nee
732 1231 799 1280 nnn
822 1208 1015 1282 mendacem
1038 1209 1081 1280 ad
1106 1207 1242 1280 mteria
1265 1205 1396 1300 dignita·

383 1334 459 1406 tem,
475 1338 508 1396 et
523 1321 686 1396 latronem
704 1325 744 1396 ad
762 1347 847 1406 enm,
862 1339 946 1420 quae
963 1333 1019 1394 eet¹
1037 1322 1160 1394 mertis⁴
1176 1323 1246 1396 Sed
1271 1343 1343 1392 eum
1364 1320 1392 1388 'm

382 1438 666 1510 benemerentibus
690 1440 770 1512 dant
795 1439 1067 1533 comparationes,
1082 1437 1178 1510 atrati
1206 1439 1244 1510 in
1270 1437 1394 1516 aliieut

380 1553 516 1649 quidam
534 1551 626 1638 bene.
643 1553 776 1650 quidam
794 1553 921 1636 melite,
938 1552 1073 1648 qrridnm
1098 1554 1239 1648 optime,
1273 1552 1392 1648 (giriden

383 1665 479 1750 mele,
505 1665 639 1761 quidam
657 1667 764 1762 peine,
773 1667 908 1763 quddam
926 1666 1073 1761 pemime
1091 1679 1286 1742 mereantur
1298 1677 1328 1736 et
1342 1664 1391 1734 lu

379 1779 523 1876 jusmodi
540 1781 801 1876 comparationes
817 1803 883 1854 non
900 1783 990 1862 flent.
1007 1781 1071 1854 nini
1088 1805 1147 1877 per
1163 1777 1390 1876 reepeetnrnrd

383 1890 559 1966 terminum
575 1895 781 1977 meritorum,
798 1917 897 1990 quem
912 1892 1108 1990 dignitatem
1128 1895 1283 1976 dieimm,
1298 1905 1330 1966 nt
1348 1891 1390 1962 di·

386 2017 474 2080 etum
491 2019 548 2080 est:
566 2008 775 2082 manifestum
791 2020 839 2080 eet
855 2009 941 2104 qued
957 2008 1133 2104 dignitates
1148 2009 1239 2082 inter
1261 2032 1296 2080 re
1317 2029 1392 2077 mn·

384 2131 540 2213 parantur
547 2124 723 2196 mundum
734 2115 841 2216 n'tngie
856 2134 890 2194 et
901 2123 1018 2206 minna,
1027 2133 1065 2196 ut
1079 2124 1244 2218 quaedam
1260 2143 1389 2216 maguae,

382 2235 543 2328 quaedam
561 2236 710 2332 majores,
727 2239 888 2332 qnnednm
907 2238 1071 2312 maximae
1087 2237 1205 2320 sintet
1223 2263 1283 2334 per
1297 2257 1393 2309 ennae¹

383 2347 582 2441 quenealiud
592 2349 740 2446 dignum,
750 2349 988 2446 alinddigniue,
999 2352 1088 2426 alirrd
1097 2339 1322 2446 digniaelmm
1335 2371 1393 2420 erre

384 2465 561 2536 constatEt
576 2486 651 2535 eum
662 2465 865 2558 comparatio
874 2464 1071 2558 dignitatum
1081 2487 1146 2534 non
1156 2463 1392 2536 fiateirraidenr

383 2573 557 2670 objectum,
588 2578 643 2650 eed
668 2576 756 2648 eirea
779 2577 917 2662 diverse,
934 2587 969 2653 ut
985 2578 1115 2674 dignius
1130 2579 1289 2661 limma,
1312 2573 1390 2670 qnod

385 2687 574 2782 majoribus,
591 2688 818 2784 dignissimum
834 2689 921 2786 quu'd
939 2691 1092 2764 maximin
1107 2690 1246 2786 dignum
1262 2703 1312 2770 aet,
1324 2687 1393 2784 quia

385 2799 469 2874 nihil
485 2805 600 2876 eodem
616 2803 748 2898 dignius
764 2827 831 2876 etse
848 2816 960 2898 potest·
971 2805 1180 2877 manifestum
1197 2802 1348 2900 estquod
1362 2821 1393 2868 ⁰·

386 2916 490 3008 ptime
507 2916 642 3012 optimis
665 2919 844 2992 seeundum
862 2941 975 2990 rerum
990 2918 1203 3014 exigentiam,
1219 2920 1318 3015 digna
1330 2915 1390 2988 rint

389 3033 485 3104 Unde
502 3055 577 3104 cum
595 3033 666 3118 hoc,
684 3034 770 3128 quod
787 3033 927 3106 dicimus
943 3035 1079 3116 illustre,
1088 3034 1132 3104 ait
1147 3033 1310 3128 optimum
1325 3029 1391 3101 allo·

390 3168 463 3216 rum
481 3144 689 3240 vulgarium,
708 3169 908 3242 consequens
932 3157 1043 3228 estut
1065 3146 1135 3220 nole
1160 3145 1289 3240 optima
1310 3142 1391 3234 digna

387 3259 452 3330 sint
470 3259 541 3354 ipro
558 3260 702 3332 tracturi:
711 3282 798 3358 quae
814 3261 950 3355 quidem
968 3256 1390 3354 tractandorumdigniminn

388 3397 622 3472 nuncupamine
639 3377 734 3449 Nune
757 3385 867 3448 nutem
892 3399 977 3472 qune
1000 3375 1066 3448 sint
1091 3376 1162 3470 ipen
1185 3367 1391 3451 venemuttfll

391 3513 532 3585 quorum
548 3489 748 3562 evidentiam
765 3489 932 3560 sciendum
948 3489 1106 3583 estquod
1123 3487 1208 3560 sicut
1231 3487 1328 3558 hono
1348 3479 1391 3550 Μ’·

390 3603 518 3696 pliciter
534 3603 723 3697 spirituatus
739 3613 796 3684 est,
822 3603 974 3676 videlieet
992 3599 1349 3696 vegetabilimaimali,
1368 3599 1391 3662 tl

389 3703 552 3797 rationaii,
570 3716 689 3810 triplex
705 3717 768 3790 iter
785 3717 1104 3810 perambulatum
1121 3715 1299 3788 sectandum
1322 3702 1388 3806 quud

390 3827 572 3923 vegetabile
588 3839 645 3913 eet,
655 3828 736 3904 utile
751 3831 888 3925 quaerit
907 3830 1017 3925 inquo
1034 3853 1109 3901 enm
1127 3827 1248 3922 plantis
1263 3841 1388 3898 nummu

391 3943 489 4026 nicet
505 3944 680 4018 secundum
697 3947 784 4042 qued
801 3945 957 4026 animale.
973 3943 1177 4028 delectabile,
1194 3942 1230 4014 in
1245 3963 1311 4039 qun
1332 3951 1391 4006 wll
