2914 4982
468 186 477 226 l

504 447 576 520 596
780 463 824 518 nn
849 463 1050 520 nouercam

401 575 510 673 patria
525 575 623 648 debet
638 595 801 668 exponere
818 574 970 668 seipsum,
987 585 1147 670 tanquam
1171 573 1279 648 minus
1302 573 1407 649 ionum

403 711 465 787 pro
480 688 621 762 meliori.
632 690 727 764 Unde
737 687 953 782 Philosophus
968 692 1009 762 ad
1020 689 1275 764 Nicomachum:
1284 693 1405 762 Anuli:

401 807 527 900 quidem
543 827 617 886 erae,
632 815 660 874 et
677 801 737 874 oui
752 805 812 874 :oli
828 806 952 886 arelius,
967 806 1020 875 sed
1038 805 1182 876 divinitu
1196 807 1321 896 pentiet
1341 809 1407 876 clri-

400 923 468 994 toti.
487 924 529 993 Et
546 917 610 992 hoe
622 917 787 1014 judicium
804 921 865 992 Dei
884 931 932 992 est
948 918 1185 1015 cognoscibile:
1195 919 1292 994 aliter
1306 921 1408 994 huma·

401 1037 546 1109 naratio
564 1031 599 1107 in
616 1058 675 1106 sua
692 1033 886 1106 rectitudine
911 1059 977 1105 non
1002 1045 1192 1130 sequeretur
1215 1051 1346 1108 namrae
1368 1037 1408 1106 in·

401 1150 594 1231 tentionem,
612 1147 699 1244 quod
715 1157 762 1218 est
781 1146 994 1242 impossibile.
1019 1149 1192 1236 Quaedam
1219 1162 1327 1224 aulem
1348 1163 1407 1222 suut

399 1265 462 1338 Dei
475 1260 612 1361 judicia,
631 1262 670 1335 ad
688 1285 773 1358 quae
790 1259 937 1337 humana
953 1265 1049 1346 ratio,
1059 1262 1119 1336 etsi
1137 1290 1178 1336 ax
1194 1269 1335 1362 propriis
1349 1291 1406 1360 per-

397 1382 525 1474 tingere
550 1378 673 1474 nequit,
697 1373 844 1450 elevatur
868 1391 981 1452 tamen
1005 1379 1048 1452 ad
1075 1377 1135 1452 illa
1160 1401 1237 1452 oum
1263 1379 1406 1476 adjutorio

399 1496 476 1568 fidei
495 1504 526 1566 et
544 1515 659 1566 eorum
675 1515 759 1587 quae
777 1491 811 1562 in
828 1495 929 1566 sacris
945 1491 1051 1566 literis
1067 1495 1164 1566 nobis
1179 1493 1268 1566 dicta
1284 1497 1408 1576 sunt3si·

399 1622 455 1684 eut
471 1605 513 1682 ad
531 1607 609 1679 hoc:
626 1607 711 1702 qnod
729 1625 837 1688 nemo,
863 1617 1164 1703 quantumcumque
1191 1607 1363 1682 moralilm
1383 1621 1408 1678 et

399 1717 672 1822 intellectualibus
688 1719 872 1802 virtutibus,
888 1731 922 1792 et
938 1723 1114 1794 secundnm
1141 1719 1294 1794 habitum
1317 1735 1344 1796 et
1362 1747 1406 1794 se·

400 1833 543 1908 cundum
560 1833 786 1927 operationem
804 1831 974 1926 perfectus,
994 1837 1116 1931 absque
1135 1837 1200 1908 lide
1216 1837 1329 1909 salvati
1348 1859 1399 1930 po·

396 1959 473 2020 test:
489 1951 576 2031 dato,
601 1944 688 2041 quod
713 1969 882 2044 nunquam
900 1948 1023 2043 aliquid
1040 1949 1081 2020 de
1097 1949 1230 2022 Christo
1247 1951 1401 2032 audiverit:

402 2086 481 2134 nam
499 2059 561 2132 hoc
578 2061 663 2132 ratio
678 2057 826 2134 humana
844 2085 951 2156 perse
974 2063 1098 2157 justum
1124 2061 1249 2136 intueri
1273 2085 1330 2136 nm
1350 2087 1403 2158 po-

402 2189 473 2260 test,
485 2173 547 2248 lide
559 2189 669 2246 tamen
680 2175 792 2269 adjuta
810 2186 923 2268 potent
940 2172 1106 2269 Scriptum
1122 2179 1274 2248 esteuim
1284 2181 1319 2250 ad
1334 2181 1407 2248 llae-

398 2291 529 2362 braeos:
547 2287 741 2382 Impossibile
758 2289 884 2359 estsine
898 2291 961 2381 fide
975 2292 1098 2381 placere
1115 2291 1193 2361 Deo.
1210 2293 1257 2362 Et
1280 2294 1312 2362 in
1325 2291 1406 2363 leti-

398 2405 480 2476 tico:
497 2407 590 2474 horno
615 2400 742 2496 quilibet
767 2405 805 2476 de
822 2401 918 2474 ἀοηιο
935 2403 1046 2486 iarael,
1062 2406 1118 2497 pul
1142 2407 1294 2476 occiderit
1309 2407 1405 2484 were.

398 2533 456 2590 not
472 2543 571 2602 ouon,
588 2531 644 2590 out
661 2519 981 2612 repromitteretur
998 2521 1046 2588 eel
1061 2532 1154 2590 extro
1178 2533 1330 2600 emtrnet
1350 2539 1407 2586 nor

396 2637 545 2706 obtulerit
562 2635 606 2706 od
622 2636 738 2704 ortium
756 2635 952 2704 tubernaculi
974 2635 1161 2706 oblationem
1186 2635 1326 2716 Domino,
1341 2655 1407 2702 sou·

392 2753 499 2844 puluis
523 2770 595 2822 reus
620 2752 689 2821 erit.
714 2749 843 2822 Ostium
868 2749 1072 2822 tabernamli
1099 2749 1265 2822 Christum
1288 2750 1405 2843 figunt

396 2865 453 2962 qui
471 2873 518 2936 est
535 2865 655 2936 ostium
674 2863 840 2934 conclavis
857 2863 992 2946 aeterni,
1012 2875 1047 2936 ut
1071 2889 1113 2937 ex
1139 2864 1320 2960 Evangelio
1343 2858 1405 2934 elici

397 2983 516 3070 potest:
534 2975 655 3046 occisio
672 2975 880 3059 animalium,
896 2978 1102 3072 operationes
1119 2975 1292 3052 humanas
1309 2975 1406 3050 Ormi·

398 3101 469 3161 tum
496 3111 574 3160 vero
599 3100 647 3160 est
666 3087 831 3184 judicium
856 3090 920 3162 Dei
946 3089 989 3164 ab
1015 3092 1162 3164 humana
1187 3093 1324 3174 ratione,
1337 3109 1404 3184 qnae

397 3225 458 3274 nec
482 3203 556 3296 lege
581 3214 727 3286 naturae,
754 3227 814 3276 nee
838 3204 912 3298 lege
936 3205 1058 3300 scriptu
1084 3208 1124 3278 ud
1151 3229 1228 3278 eum
1254 3201 1404 3301 perungit:

395 3318 450 3390 ned
467 3318 508 3388 de
524 3317 633 3411 gratia
649 3315 782 3412 speciali
800 3319 995 3414 quandoque
1012 3320 1187 3416 pertingit:
1199 3321 1291 3416 quod
1301 3321 1333 3392 t:
1347 3317 1404 3410 plu·

396 3431 488 3502 ribus
514 3429 634 3502 modis:
652 3434 846 3526 quandoque
871 3432 1014 3528 simplici
1041 3435 1255 3516 revelatione,
1280 3430 1403 3530 qrundo·

395 3567 458 3636 que
469 3543 679 3624 revelatione,
688 3545 921 3637 disceptatione
931 3547 1077 3642 quadam
1087 3548 1265 3620 mediante
1275 3539 1402 3640 Simplici

397 3656 598 3728 revelatione
614 3655 801 3752 dupliciter:
820 3670 876 3732 aut
892 3671 1005 3756 sponte
1021 3663 1095 3746 Dei,
1113 3673 1169 3736 ant
1184 3663 1332 3735 oratione
1352 3659 1400 3728 in·

398 3779 555 3862 patrante.
581 3775 703 3864 Sponte
728 3773 792 3844 Ilei
817 3774 1008 3868 dupliciter:
1025 3787 1082 3847 aut
1106 3801 1269 3870 expresse,
1284 3785 1335 3848 ant
1355 3791 1400 3862 pet

395 3880 537 3976 signum
555 3884 723 3979 Expresse,
738 3885 822 3962 sicut
839 3887 1021 3960 revelatum
1032 3890 1094 3960 luit
1100 3890 1269 3984 judicium
1279 3879 1398 3964 &nuti

398 4003 513 4070 contra
538 3997 680 4072 Saulem.
705 4002 768 4073 Per
792 4000 936 4096 signum,
952 4001 1036 4076 sicut
1052 4001 1218 4076 Pharaoni
1244 3999 1400 4077 revelatum
