2890 4978
292 231 294 236 ,
307 180 317 235 ι

310 238 316 280 ι

297 427 306 488 5
420 427 519 486 nmen
542 425 704 478 ssconoos
724 431 737 442 ·
895 413 967 482 503
1128 476 1129 480 ,

49 547 96 610 ast
120 533 500 632 priorumbosberioris:
524 533 620 628 quod¹
636 557 701 606 non
715 533 814 614 ‘alind
840 557 907 608 esso
932 531 1069 620 ridetur,

50 671 150 746 ῃιιιι
165 673 232 746 qna
275 659 277 668 '
345 647 446 744 ipsius
461 647 606 721 sannae
633 649 855 722 mncxtonatio
880 652 1001 744 pulcra.
1014 659 1068 725 De

51 765 292 853 ritbimomm}‚
395 761 645 846 ebabitudine,¹
670 775 766 858 prout
791 773 864 835 sunt
890 765 923 836 in
950 769 1065 851 trono,

51 883 102 952 vel
119 881 154 951 in
172 880 432 964 camd-uidetur
446 878 555 950 omnis
570 887 683 973 optatu
698 879 831 951 licentia
846 884 1064 965 macedonia

51 995 244 1088 pulcerrime
260 1005 372 1071 tamon
388 1015 423 1065 se
438 991 560 1066 babent
581 994 773 1067 ultimorum
798 995 984 1068 carminum
1008 999 1065 1070 de-

50 1108 254 1192 sinentiae,si
271 1129 345 1182 eum
362 1107 499 1180 ritbimo
509 1105 720 1180 innitentium
736 1109 862 1182 cadant
880 1110 915 1180 in
932 1111 1067 1204 pedibus

51 1247 125 1296 vero
141 1226 324 1298 cavendum
340 1234 403 1307 est;
419 1233 452 1298 et
467 1221 695 1296 habitudinem
710 1226 877 1320 quandam
900 1233 1065 1308 servatam

50 1359 113 1408 ame
129 1336 343 1422 inveniemus,
352 1347 385 1409 et
401 1337 629 1410 discretionem
647 1339 802 1412 iacientes
818 1339 966 1424 dicimus,
976 1345 1065 1437 qnod

49 1473 108 1544 pm,
124 1451 177 1522 vat
193 1451 284 1546 pari,
301 1452 355 1524 vel
373 1452 493 1547 impari
510 1463 616 1524 metro
632 1454 823 1546 completur,
841 1465 873 1524 et
890 1455 1065 1550 nimbique
1219 1447 1223 1450 ’

49 1567 206 1648 comitata,
224 1575 257 1639 et
274 1566 467 1640 incomitata
484 1567 666 1640 desinentia
691 1589 758 1640 em
783 1579 905 1662 potesta
921 1591 1000 1644 nam
1027 1573 1064 1644 in

49 1681 112 1774 pari
137 1693 246 1753 metro
270 1700 369 1754 nemo
392 1681 583 1766 dubitatio
609 1682 675 1754 alio
700 1705 779 1755 sero
802 1684 831 1754 si
856 1687 930 1780 quis
944 1686 1064 1758 dubins

48 1807 97 1880 est
113 1798 299 1870 recordetur
315 1821 365 1882 ea,
380 1821 466 1894 quac
490 1797 635 1868 diximus
659 1797 693 1866 in
720 1800 943 1892 praemediato
969 1802 1060 1895 oapi-

48 1911 109 1982 toio
131 1914 172 1986 de
196 1911 377 2008 nysitlrbo,
399 1911 529 2008 wando
554 1933 630 2007 pert
654 1911 792 1985 existens
817 1915 1060 2010 endecasyllabi

48 2026 126 2096 seint
149 2025 243 2098 Ecbo
267 2027 445 2121 respondet.
462 2029 506 2098 Et
527 2025 558 2097 si
584 2025 618 2096 in
645 2027 747 2098 altero
773 2027 893 2121 pedum
909 2035 1058 2099 exortem

50 2140 162 2212 ritbimi
178 2142 396 2215 desinentiam
412 2165 480 2216 esse
496 2144 673 2238 contingat,
683 2144 776 2215 omni
788 2145 887 2216 modo
897 2145 932 2214 in
951 2146 1055 2219 altero

48 2255 101 2327 sibi
115 2257 428 2340 ommentans
445 2281 524 2332 vero
540 2259 687 2353 quaiibet
696 2257 878 2332 desinentia
894 2260 930 2330 in
948 2261 1052 2332 attero

48 2371 115 2462 pede
130 2371 258 2444 ritbimi
283 2373 481 2448 consortimn
505 2372 635 2456 babeat,
652 2373 687 2442 in
714 2373 816 2444 altero
841 2383 939 2465 prout
963 2373 1055 2456 libet,

48 2485 153 2558 reterre
176 2485 232 2557 vei
256 2485 409 2558 imoveri
433 2483 806 2570 democraticum!
831 2487 984 2572 totaliter,
1000 2488 1055 2560 rel

50 2592 198 2692 inpane,
214 2601 295 2672 dum
320 2609 431 2672 umen
456 2599 721 2695 praecedentium
746 2601 827 2672 ordo
847 2611 995 2673 servetur
1021 2602 1055 2672 in

48 2719 153 2796 ιιιιιιιι
168 2721 248 2808 puta
272 2715 300 2784 si
324 2723 490 2788 extremae
515 2714 714 2786 desinentiae
739 2713 891 2797 trimetri,
917 2715 979 2784 hoc
1004 2724 1053 2786 est

47 2823 140 2914 prima
153 2835 188 2898 et
212 2825 341 2909 ultima,
358 2829 602 2924 concrepabunt
627 2828 662 2897 in
688 2825 798 2922 primo
823 2828 914 2922 pede,
931 2829 978 2898 cic
1002 2851 1053 2898 se·

47 2939 125 3010 ond
142 2949 306 3014 extremos
321 2941 517 3016 desinentias
523 2939 690 3032 conuenit,
700 2963 912 3036 concrepare:
923 2951 956 3014 et
970 2965 1053 3037 qun·

47 3047 96 3122 iem
119 3077 152 3126 se
178 3055 213 3126 in
240 3055 350 3151 primo
374 3055 484 3128 media
507 3055 608 3142 videt,
625 3055 817 3127 comitatam
842 3055 974 3150 quidem
997 3055 1052 3126 vel

47 3163 272 3254 boninum,
298 3169 372 3242 tatic
396 3170 432 3242 in
457 3173 599 3242 seeundo
625 3179 790 3264 resurgat,
807 3169 902 3241 etsie
918 3173 959 3242 de
977 3169 1051 3252 aliis

47 3283 164 3371 pedibus
186 3295 236 3355 est
258 3284 465 3357 servandum*
483 3279 520 3355 in
546 3285 693 3357 semibus
715 3305 845 3380 quoque
871 3285 938 3354 iere
964 3303 1049 3352 sem·

45 3413 88 3484 ptr
107 3395 169 3472 bac
194 3399 269 3494 lege
293 3398 510 3494 perimimur,
539 3409 572 3470 et
596 3402 664 3471 iere
687 3399 836 3479 dicimus,
861 3395 939 3491 quia
975 3415 1051 3488 pro-
1200 3423 1203 3430 ¹

47 3520 103 3599 pter
125 3513 429 3586 concatenationem
447 3523 693 3610 praenotatam,
707 3522 751 3582 et
769 3509 1049 3582 combinationem
1134 3557 1139 3566 ·

43 3618 241 3700 desinentium
266 3625 483 3711 nonnum,
503 3628 708 3724 mundoque·
718 3625 907 3698 m'dinem'
891 3647 966 3720 Jarn
992 3623 1044 3694 di-

44 3740 268 3836 ttnnrperverti
286 3739 456 3837 contingit
471 3744 641 3814 Praeterea
658 3740 753 3812 nobis
770 3741 853 3813 bene
870 3739 1045 3850 convenire

44 3847 161 3938 videtur,
177 3879 263 3952 qnae
280 3857 426 3929 cavenda
440 3865 517 3928 munt
542 3855 630 3928 circa
646 3854 806 3938 ritbimos,
824 3856 900 3928 buic
919 3877 1043 3953 appen-

43 3963 105 4038 icre
119 3971 268 4066 capitulo,
286 3995 362 4046 cum
380 3971 415 4044 in
433 3971 494 4044 isto
512 3971 599 4046 libro
616 3969 664 4042 nil
680 3969 815 4045 ulterius
832 3971 871 4044 dc
890 3968 1042 4045 ritbimo-
1145 3957 1149 3966 ’
