2978 4984
498 430 570 504 ΜΛ
773 447 817 502 ns
843 445 1044 502 trohannum

393 551 464 632 tite
489 557 695 632 ministrum:
721 555 803 630 siunt
828 558 915 628 alind
943 567 991 630 est
1016 579 1084 628 esse
1116 555 1301 640 doctorem,
1331 553 1409 630 alind

396 683 445 746 est
470 697 536 746 esse
562 671 791 766 interpretem
817 693 896 744 nam
921 671 1065 744 vinarius
1090 681 1153 751 est,
1171 671 1223 741 cui
1238 671 1406 766 jurisdictio

393 813 469 860 rum
494 783 568 882 lego
592 783 647 860 vel
671 810 748 858 cum
767 781 905 858 arbitrio
922 786 1096 858 summissa
1112 795 1177 866 θείς
1193 797 1227 857 et
1244 787 1318 857 ideo
1334 787 1408 856 intra

394 901 552 976 terminos
572 897 809 998 Jnrisdiotionis
842 897 1036 974 commissae
1061 901 1101 972 de
1126 899 1199 994 lege
1225 897 1281 972 rel
1305 897 1342 972 de
1364 923 1409 972 ar·

395 1015 499 1090 bitrio
515 1021 620 1113 potest
636 1033 732 1110 agere
751 1017 840 1088 eirea
856 1012 992 1111 aliquid,
1009 1018 1098 1112 quod
1115 1017 1272 1088 dominns
1286 1015 1408 1087 omnino

396 1129 538 1226 ignorat.
549 1130 695 1204 Nnncius
711 1141 820 1204 autem
837 1147 905 1200 non
922 1141 1037 1224 potest,
1047 1127 1083 1201 in
1099 1141 1261 1226 quantum
1273 1131 1407 1201 nnnrirs:

395 1249 460 1323 Sed
476 1245 754 1342 quemadmodum
772 1240 910 1318 melleus
926 1243 960 1314 in
977 1245 1048 1317 sola
1064 1245 1186 1317 virtute
1203 1246 1291 1316 labri
1307 1269 1406 1340 opera-

394 1373 460 1444 tur,
485 1360 533 1432 sio
557 1370 591 1432 et
616 1355 754 1432 nuncius
777 1355 848 1432 solo
874 1359 1014 1432 arhitrio
1038 1359 1109 1456 ejus
1124 1361 1181 1456 qni
1198 1355 1301 1430 mittit
1317 1361 1406 1432 tllnrr.

394 1473 475 1550 Non.
496 1471 596 1570 igitur
620 1471 774 1571 sequitur,
799 1471 827 1546 si
853 1478 941 1548 Deus
966 1497 1025 1568 per
1050 1476 1209 1546 nuncium
1236 1477 1406 1548 Samuelem

393 1589 473 1662 lenit
487 1586 560 1672 hoe,
576 1589 662 1686 quod
679 1585 822 1662 vicarius
838 1591 902 1661 Dei
918 1590 982 1660 hoo
999 1591 1106 1660 faeere
1132 1590 1234 1684 possit
1258 1590 1407 1660 similitor.

396 1699 501 1777 Multa
526 1699 617 1776 enim
641 1701 731 1778 Deus
757 1723 816 1799 per
832 1703 966 1797 angelos
982 1701 1068 1784 feeit,
1085 1714 1120 1775 et
1136 1705 1217 1775 lacit
1233 1715 1263 1776 et
1277 1705 1406 1776 fadum

394 1826 451 1900 est,
468 1839 553 1914 qnae
569 1813 712 1890 vicarius
728 1819 802 1898 Dei,
818 1817 906 1890 Petri
923 1817 1216 1898 successorium
1231 1841 1288 1888 non
1299 1825 1399 1910 potest.

393 1928 488 2004 Unde
505 1941 737 2027 argumentum
753 1927 890 2002 istomnr
909 1939 993 2002 esta
1017 1941 1087 2002 toto
1112 1933 1154 2004 ad
1182 1943 1314 2026 parton,
1327 1953 1396 2000 eon-

392 2047 545 2116 struendo
562 2045 624 2116 siet
641 2045 752 2116 Homo
770 2053 874 2138 potest
890 2042 1004 2116 andire
1019 2054 1052 2116 et
1069 2043 1192 2127 videre,
1209 2069 1286 2140 ergo
1300 2045 1397 2115 ornlnr

395 2168 501 2251 potest
517 2155 631 2231 audire
649 2168 681 2230 et
691 2159 868 2240 ,vidoretet
884 2158 948 2230 hoo
964 2179 1031 2230 non
1048 2168 1146 2230 tenet
1158 2163 1295 2232 Teneret
1309 2171 1399 2231 antem

395 2270 588 2342 destructive
604 2271 667 2342 sio:
684 2275 795 2346 Homo
812 2295 879 2344 non
897 2283 1001 2368 potest
1017 2271 1141 2357 volare,
1158 2297 1241 2370 ergo
1259 2299 1316 2346 nec
1338 2273 1403 2344 hra-

399 2380 476 2456 ohia
493 2383 639 2458 hominis
656 2397 790 2480 possunt
807 2387 929 2461 volate.
947 2391 990 2460 Et
1005 2389 1158 2462 similiter
1173 2389 1238 2460 sic:
1255 2393 1337 2462 nem
1357 2409 1406 2482 per

397 2495 556 2570 nuncium
574 2499 681 2572 lacere
697 2519 763 2572 non
781 2509 894 2596 potest,
904 2500 1017 2598 genita
1032 2523 1099 2574 non
1115 2527 1184 2576 eme
1200 2503 1402 2599 geniminum

396 2607 592 2684 sententiam
618 2609 817 2709 Agathonist
841 2635 921 2711 orgo
946 2637 1007 2690 neo
1038 2615 1182 2690 vicarius
1213 2617 1284 2713 ejus
1313 2617 1400 2688 um
1463 2589 1464 2616 ¹

472 2842 651 2916 Assumtmt
667 2840 769 2916 mam
785 2841 826 2918 de
842 2845 939 2920 litera
956 2844 1126 2929 Matthaei,
1136 2843 1399 2942 hlagommohla·

358 2987 364 3002 ¹
396 2957 531 3042 hortem,
549 2961 701 3044 dieentes,
717 2961 883 3034 Christum
900 2963 1059 3058 recepisse
1083 2963 1184 3034 simul
1209 2962 1284 3035 thus
1308 2973 1336 3032 et
1357 2981 1401 3028 an·

397 3095 483 3155 rum,
495 3069 537 3144 ad
553 3071 816 3167 significandum,
832 3071 975 3169 seipsum
992 3076 1252 3148 osseDominum
1262 3073 1402 3168 etgnher·

395 3194 546 3256 notorem
562 3179 786 3281 spiritualium
803 3198 836 3259 et
851 3189 1097 3283 temporalium.
1114 3191 1167 3262 Ex
1183 3211 1251 3285 quo
1269 3189 1400 3262 inierunt

393 3299 515 3372 Christi
532 3299 696 3372 ricarium
712 3301 884 3374 dominnm
902 3313 935 3374 et
951 3304 1206 3396 gubernatorem
1225 3303 1400 3376 eorundem

396 3425 429 3486 et
445 3436 506 3510 per
521 3435 728 3510 consequens,
746 3411 868 3488 habere
884 3426 1101 3513 utrorumque
1119 3411 1398 3490 auctoritatemhl

396 3521 461 3600 hoe
477 3525 683 3625 respondem,
700 3527 834 3603 literam
850 3527 1010 3604 Matthaei
1034 3543 1068 3605 et
1092 3555 1222 3606 sensnm
1248 3533 1399 3604 eonfiteou

396 3641 451 3710 sed
477 3645 563 3736 quod
589 3662 629 3714 ex
656 3641 714 3716 illa
740 3641 862 3717 inferre
888 3653 1057 3727 sonantur,
1075 3645 1110 3716 in
1136 3649 1278 3720 termino
1303 3643 1397 3720 deficit

398 3753 600 3849 syllogizant
616 3757 708 3830 enim
723 3752 785 3828 sict
802 3762 890 3830 Dens
905 3769 953 3831 est
968 3759 1120 3832 dominus
1142 3761 1351 3856 spiritualium
1372 3765 1397 3824 el

396 3869 646 3963 temporalium:
661 3895 809 3944 summus
834 3871 984 3944 Pontifex
1008 3884 1056 3944 est
1082 3875 1225 3948 vicarius
1248 3877 1392 3960 oetam

398 3991 444 4054 nst
455 3982 618 4056 Dominus
633 3984 854 4078 spiritualium
872 3985 1159 4082 ettempornlium.
1169 3993 1310 4084 Utraque
1321 3981 1391 4058 enin
