2978 4984
488 409 561 474 658
763 423 807 474 nn
828 419 1029 474 noraucuti

382 539 505 604 restant
522 551 607 602 nunc
623 526 681 600 illa
697 528 849 624 ponenda
865 537 898 598 et
914 527 1080 608 solvenda,
1097 547 1184 620 qnae
1202 525 1238 598 in
1254 525 1416 620 genero-

385 645 493 716 manis
510 651 542 715 et
558 640 685 713 ratione
701 639 846 714 humana
863 641 1063 714 radicantur.
1081 641 1262 736 Eanibus
1273 643 1411 736 primunr

385 760 543 855 estquod
560 756 793 853 praemittitur,
810 758 897 852 quod
908 757 955 828 sic
965 753 1169 852 syllogizant.
1188 757 1238 826 Ea
1246 781 1338 852 quac
1345 769 1415 826 sunt

388 875 563 958 Ecclesiae,
580 894 679 944 nemo
695 872 736 944 da
749 871 826 966 jure
842 871 964 942 habere
982 877 1096 966 potest,
1113 871 1177 940 nisi
1196 871 1241 942 ab
1258 871 1414 942 Ecclesia

387 1002 420 1062 et
436 991 498 1061 hoc
515 987 713 1060 conceditur.
731 991 919 1059 Romanum
936 987 1086 1079 regimen
1104 997 1151 1056 est
1169 986 1351 1057 Ecclesiae:
1368 1009 1417 1056 er·

384 1129 428 1202 go
444 1105 553 1198 ipsum
571 1123 669 1174 nemo
685 1101 807 1174 habore
824 1110 928 1195 potest
944 1102 1081 1194 dejure,
1098 1101 1162 1170 nisi
1189 1101 1234 1172 ab
1261 1101 1413 1172 Ecclesia.
1481 1183 1482 1186 Ἴ

386 1223 430 1291 Et
446 1219 609 1290 minorem
627 1215 769 1309 pmbant
786 1237 844 1307 per
860 1241 900 1286 ca
916 1239 999 1310 quas
1016 1215 1055 1286 de
1070 1216 1264 1286 Costantino
1275 1216 1414 1310 superius

384 1343 472 1410 tacta
488 1340 571 1402 sunt.
588 1331 683 1400 Hanc
699 1352 779 1424 crgo
797 1329 960 1400 minorem
987 1329 1153 1410 interim03
1179 1341 1212 1399 et
1238 1353 1317 1400 cum
1345 1351 1413 1423 pro·

385 1447 475 1523 lant,
492 1443 565 1514 dico
582 1442 668 1536 quod
686 1463 745 1513 sua
761 1441 913 1534 pmbatio
929 1443 1021 1514 nulla
1039 1453 1095 1514 est:
1112 1444 1191 1538 quia
1210 1445 1414 1516 Costantinus

387 1558 532 1630 alienare
549 1579 615 1628 non
639 1564 766 1647 poterat
790 1556 927 1649 Imperii
953 1557 1159 1649 dignitatem,
1185 1582 1247 1628 nec
1273 1560 1414 1630 Ecclesia

389 1673 543 1765 recipere.
561 1673 695 1750 Etcum
715 1669 925 1762 pertinaciter
943 1672 1048 1753 istest,
1065 1673 1152 1766 quod
1170 1672 1413 1743 dicosicosteo·

383 1788 416 1857 di
435 1795 547 1880 potest
565 1783 699 1856 Nemini
716 1783 793 1854 licet
809 1807 850 1856 ca
867 1786 976 1856 iacere
993 1811 1054 1880 per
1069 1785 1215 1858 officium
1229 1787 1290 1858 silri
1305 1789 1407 1878 depu-

384 1912 499 1981 tatum,
516 1925 601 1996 quae
617 1908 690 1970 suut
707 1909 822 1969 contra
839 1899 920 1972 illud
937 1900 1092 1974 officium:
1109 1902 1191 1996 quia
1208 1901 1250 1970 sic
1265 1902 1354 1978 idem.
1366 1900 1401 1968 iu

385 2029 545 2110 quantum
563 2015 661 2092 idem,
677 2023 758 2084 esset
775 2015 976 2086 contrarium
992 2015 1057 2086 sibi
1074 2016 1148 2110 ipsi;
1162 2019 1253 2112 'quod
1277 2027 1319 2086 ast
1339 2017 1402 2086 im·

387 2131 549 2225 possibile.
566 2130 628 2202 Sed
646 2141 759 2200 contra
776 2127 919 2200 officium
937 2131 1127 2224 deputatum
1138 2131 1329 2226 imperatori
1348 2143 1403 2206 est.

382 2245 529 2320 scindere
547 2243 732 2336 imperium:
749 2267 824 2314 cum
841 2243 987 2314 officium
1003 2246 1073 2340 ejus
1088 2245 1139 2326 sit,
1157 2245 1339 2318 humanum
1355 2269 1410 2340 ge·

387 2383 448 2432 nus
463 2360 521 2430 uni
538 2359 622 2431 velle
639 2369 672 2428 et
687 2357 745 2430 uni
763 2357 850 2428 nolle
865 2369 977 2430 tenere
993 2359 1190 2452 subjectum,
1207 2371 1245 2430 nt
1263 2361 1297 2429 in
1308 2359 1409 2452 primo

386 2475 483 2569 liujus
500 2474 595 2554 facile
612 2472 717 2558 videri
736 2481 850 2566 potest.
868 2475 957 2568 Ergo
974 2473 1122 2544 scindere
1143 2475 1330 2567 imperium,
1347 2477 1411 2544 ln·

385 2589 531 2686 paraturi
550 2589 718 2660 nonlicet.
738 2589 772 2662 si
789 2610 869 2681 crgo
887 2587 1016 2682 aliquae
1041 2589 1220 2682 dignitates
1232 2603 1237 2612 “
1249 2615 1306 2684 per
1327 2591 1407 2658 Cou-

385 2704 564 2776 stantinum
582 2711 686 2773 essem
704 2701 865 2773 alienatae
892 2703 949 2792 (ut
974 2703 1108 2798 dicunt)
1134 2704 1178 2774 ab
1205 2703 1352 2798 Imperio.
1375 2711 1406 2770 et

387 2817 595 2888 excessissent
611 2816 646 2885 in
663 2825 821 2908 potestate
839 2815 1016 2895 Ecclesiae,
1033 2817 1131 2888 scissa
1148 2831 1230 2888 osset
1249 2817 1409 2890 tunicaio

388 2930 563 3010 consutilis,
580 2951 681 3022 quam
705 2928 851 3000 scindere
877 2930 949 3000 ausi
977 2953 1041 3000 non
1068 2943 1142 3004 snut
1166 2933 1225 3025 qui
1253 2932 1407 3002 Christum

386 3067 504 3117 uarum
523 3047 630 3114 Deum
645 3044 760 3116 lancea
778 3043 995 3137 perforarunt
1013 3047 1184 3116 Praeterea
1203 3045 1290 3116 sicut
1306 3043 1408 3116 Eccle-

386 3159 437 3234 sia
452 3181 547 3230 suum
564 3156 664 3228 hahet
674 3157 934 3237 tundamentum,
948 3157 994 3228 sic
1006 3156 1107 3229 etiam
1118 3159 1302 3252 imperium
1312 3179 1407 3232 suunt

387 3296 466 3346 nam
484 3271 649 3344 Ecclesiae
668 3273 919 3344 tundamentum
935 3271 1081 3346 Christus
1098 3285 1157 3352 esu
1174 3275 1261 3346 unde
1278 3277 1407 3366 Aposto-

390 3389 440 3460 lus
456 3387 499 3460 ad
515 3385 712 3458 Corinthios:
728 3387 986 3458 Furtdomentum
1012 3388 1105 3456 uliud
1122 3409 1215 3458 cereo
1240 3397 1335 3477 potest
1354 3407 1406 3474 pu·

390 3527 475 3586 rcere,
489 3515 615 3594 practer
632 3504 667 3572 id
682 3504 765 3593 pund
781 3504 919 3595 positum
935 3515 989 3584 cst,
1006 3504 1062 3594 pri
1078 3517 1120 3574 ert
1148 3505 1295 3576 Uiriatus
1316 3502 1405 3570 teu

392 3621 460 3712 lpse
486 3634 528 3692 cst
552 3634 761 3712 parumper
785 3643 880 3711 paam
899 3621 1044 3711 edificata
1061 3633 1104 3690 est
1120 3621 1273 3692 Ecclesia.
1290 3613 1405 3708 tupris·

391 3757 465 3804 uero
477 3735 789 3828 [commutamus
805 3735 982 3806 tumeam
998 3749 1050 3806 est
1060 3735 1159 3808 Modo
1176 3731 1349 3826 dico.quod
1364 3727 1401 3798 si·

391 3859 445 3920 cut
462 3847 628 3920 Ecclesiae
654 3849 867 3922 fundamento
883 3872 942 3920 suo
959 3847 1154 3922 contrariari
1172 3871 1239 3921 uon
1263 3846 1339 3926 licet.
1351 3839 1397 3910 sad

389 3961 486 4036 debet
502 3985 631 4056 semper
649 3961 745 4033 inniti
763 3983 859 4056 super
876 3963 967 4046 illud,
980 3961 1078 4057 juxta
1097 3961 1179 4035 illud
1195 3959 1395 4035 caueamur
