<?xml version="1.0" encoding="UTF-8"?>
<!DOCTYPE html PUBLIC "-//W3C//DTD XHTML 1.0 Transitional//EN"
    "http://www.w3.org/TR/xhtml1/DTD/xhtml1-transitional.dtd">
<html xmlns="http://www.w3.org/1999/xhtml" xml:lang="en" lang="en">
 <head>
  <title>
</title>
<meta http-equiv="Content-Type" content="text/html;charset=utf-8" />
  <meta name='ocr-system' content='tesseract 3.04.00' />
  <meta name='ocr-capabilities' content='ocr_page ocr_carea ocr_par ocr_line ocrx_word'/>
</head>
<body>
  <div class='ocr_page' id='page_1' title='image "./leegloghelatine00fratgoog_0770.png"; bbox 0 0 3034 4986; ppageno 0'>
   <div class='ocr_carea' id='block_1_1' title="bbox 488 437 997 505">
    <p class='ocr_par' dir='ltr' id='par_1_1' title="bbox 488 437 997 505">
     <span class='ocr_line' id='line_1_1' title="bbox 488 437 997 505; baseline 0 -1"><span class='ocrx_word' id='word_1_1' title='bbox 488 437 560 504; x_wconf 81' lang='lat'><strong>758</strong></span> <span class='ocrx_word' id='word_1_2' title='bbox 814 453 997 505; x_wconf 75' lang='lat' dir='ltr'><strong>nmmouan</strong></span> 
     </span>
    </p>
   </div>
   <div class='ocr_carea' id='block_1_2' title="bbox 335 557 1425 2118">
    <p class='ocr_par' dir='ltr' id='par_1_2' title="bbox 335 557 1425 2118">
     <span class='ocr_line' id='line_1_2' title="bbox 384 557 1420 655; baseline -0.001 -24"><span class='ocrx_word' id='word_1_3' title='bbox 384 561 539 655; x_wconf 71' lang='lat' dir='ltr'><strong>pastorali</strong></span> <span class='ocrx_word' id='word_1_4' title='bbox 556 557 749 632; x_wconf 85' lang='lat' dir='ltr'><strong>auctoritate</strong></span> <span class='ocrx_word' id='word_1_5' title='bbox 767 557 913 642; x_wconf 78' lang='lat' dir='ltr'><strong>abutere,</strong></span> <span class='ocrx_word' id='word_1_6' title='bbox 922 580 1027 655; x_wconf 84' lang='lat' dir='ltr'><strong>quum</strong></span> <span class='ocrx_word' id='word_1_7' title='bbox 1043 558 1182 632; x_wconf 77' lang='lat' dir='ltr'><strong>divitiae</strong></span> <span class='ocrx_word' id='word_1_8' title='bbox 1199 579 1420 632; x_wconf 74' lang='lat' dir='ltr'><strong>mammam</strong></span> 
     </span>
     <span class='ocr_line' id='line_1_3' title="bbox 384 671 1422 770; baseline 0 -23"><span class='ocrx_word' id='word_1_9' title='bbox 384 685 467 748; x_wconf 83' lang='lat' dir='ltr'><strong>nunt</strong></span> <span class='ocrx_word' id='word_1_10' title='bbox 484 675 559 748; x_wconf 89' lang='lat' dir='ltr'><strong>Non</strong></span> <span class='ocrx_word' id='word_1_11' title='bbox 575 693 655 768; x_wconf 81' lang='lat' dir='ltr'><strong>ergo</strong></span> <span class='ocrx_word' id='word_1_12' title='bbox 671 671 874 756; x_wconf 83' lang='lat' dir='ltr'><strong>divitiarum,</strong></span> <span class='ocrx_word' id='word_1_13' title='bbox 889 675 945 745; x_wconf 85' lang='lat' dir='ltr'><strong>ned</strong></span> <span class='ocrx_word' id='word_1_14' title='bbox 961 674 1069 769; x_wconf 77' lang='lat' dir='ltr'><strong>gratia</strong></span> <span class='ocrx_word' id='word_1_15' title='bbox 1085 675 1146 745; x_wconf 86' lang='lat' dir='ltr'><strong>Dei</strong></span> <span class='ocrx_word' id='word_1_16' title='bbox 1164 697 1239 746; x_wconf 78' lang='lat' dir='ltr'><strong>mm</strong></span> <span class='ocrx_word' id='word_1_17' title='bbox 1266 675 1307 746; x_wconf 87' lang='lat' dir='ltr'><strong>id</strong></span> <span class='ocrx_word' id='word_1_18' title='bbox 1334 677 1422 770; x_wconf 77' lang='lat' dir='ltr'><strong>quod</strong></span> 
     </span>
     <span class='ocr_line' id='line_1_4' title="bbox 385 783 1420 882; baseline -0.002 -24"><span class='ocrx_word' id='word_1_19' title='bbox 385 809 469 868; x_wconf 83' lang='lat' dir='ltr'><strong>eum,</strong></span> <span class='ocrx_word' id='word_1_20' title='bbox 493 799 527 858; x_wconf 86' lang='lat' dir='ltr'><strong>et</strong></span> <span class='ocrx_word' id='word_1_21' title='bbox 551 789 638 860; x_wconf 81' lang='lat' dir='ltr'><strong>zelus</strong></span> <span class='ocrx_word' id='word_1_22' title='bbox 664 783 735 880; x_wconf 88' lang='grc'>(22)</span> <span class='ocrx_word' id='word_1_23' title='bbox 761 788 876 860; x_wconf 83' lang='lat' dir='ltr'><strong>domun</strong></span> <span class='ocrx_word' id='word_1_24' title='bbox 901 788 971 882; x_wconf 83' lang='lat' dir='ltr'><strong>ejus</strong></span> <span class='ocrx_word' id='word_1_25' title='bbox 997 811 1051 860; x_wconf 91' lang='lat' dir='ltr'><strong>me</strong></span> <span class='ocrx_word' id='word_1_26' title='bbox 1068 789 1141 882; x_wconf 84' lang='grc'>(23)</span> <span class='ocrx_word' id='word_1_27' title='bbox 1158 789 1314 860; x_wconf 87' lang='lat' dir='ltr'><strong>comedit</strong></span> <span class='ocrx_word' id='word_1_28' title='bbox 1333 789 1420 882; x_wconf 73' lang='grc'>(24).</span> 
     </span>
     <span class='ocr_line' id='line_1_5' title="bbox 385 903 1425 998; baseline 0 -24"><span class='ocrx_word' id='word_1_29' title='bbox 385 903 472 974; x_wconf 89' lang='lat' dir='ltr'><strong>Nam</strong></span> <span class='ocrx_word' id='word_1_30' title='bbox 489 913 522 974; x_wconf 92' lang='lat' dir='ltr'><strong>et</strong></span> <span class='ocrx_word' id='word_1_31' title='bbox 539 903 575 973; x_wconf 92' lang='lat' dir='ltr'><strong>in</strong></span> <span class='ocrx_word' id='word_1_32' title='bbox 590 925 648 975; x_wconf 89' lang='lat' dir='ltr'><strong>ore</strong></span> <span class='ocrx_word' id='word_1_33' title='bbox 663 903 856 974; x_wconf 78' lang='lat' dir='ltr'>lactentium</span> <span class='ocrx_word' id='word_1_34' title='bbox 874 911 906 974; x_wconf 88' lang='lat' dir='ltr'><strong>et</strong></span> <span class='ocrx_word' id='word_1_35' title='bbox 922 903 1100 976; x_wconf 85' lang='lat' dir='ltr'><strong>infantium</strong></span> <span class='ocrx_word' id='word_1_36' title='bbox 1115 903 1228 975; x_wconf 82' lang='lat' dir='ltr'><strong>sonuit</strong></span> <span class='ocrx_word' id='word_1_37' title='bbox 1241 904 1324 998; x_wconf 86' lang='lat' dir='ltr'><strong>jam</strong></span> <span class='ocrx_word' id='word_1_38' title='bbox 1351 906 1425 974; x_wconf 75' lang='lat' dir='ltr'><strong>noo</strong></span> 
     </span>
     <span class='ocr_line' id='line_1_6' title="bbox 384 1015 1423 1108; baseline 0.005 -24"><span class='ocrx_word' id='word_1_39' title='bbox 384 1015 514 1108; x_wconf 86' lang='lat' dir='ltr'><strong>placida</strong></span> <span class='ocrx_word' id='word_1_40' title='bbox 546 1017 684 1098; x_wconf 71' lang='lat' dir='ltr'><strong>verina,</strong></span> <span class='ocrx_word' id='word_1_41' title='bbox 717 1027 749 1088; x_wconf 88' lang='lat' dir='ltr'><strong>et</strong></span> <span class='ocrx_word' id='word_1_42' title='bbox 783 1039 898 1088; x_wconf 82' lang='lat' dir='ltr'><strong>caecus</strong></span> <span class='ocrx_word' id='word_1_43' title='bbox 922 1027 1018 1088; x_wconf 81' lang='lat' dir='ltr'><strong>uatun</strong></span> <span class='ocrx_word' id='word_1_44' title='bbox 1042 1017 1217 1088; x_wconf 82' lang='lat' dir='ltr'><strong>veritatem</strong></span> <span class='ocrx_word' id='word_1_45' title='bbox 1252 1019 1423 1089; x_wconf 67' lang='lat' dir='ltr'><strong>mnam</strong></span> 
     </span>
     <span class='ocr_line' id='line_1_7' title="bbox 384 1130 1419 1225; baseline 0.001 -24"><span class='ocrx_word' id='word_1_46' title='bbox 384 1141 446 1211; x_wconf 81' lang='lat' dir='ltr'><strong>eat,</strong></span> <span class='ocrx_word' id='word_1_47' title='bbox 471 1155 573 1225; x_wconf 87' lang='lat' dir='ltr'><strong>quam</strong></span> <span class='ocrx_word' id='word_1_48' title='bbox 598 1130 763 1202; x_wconf 73' lang='lat' dir='ltr'><strong>Phunaei</strong></span> <span class='ocrx_word' id='word_1_49' title='bbox 788 1151 855 1200; x_wconf 90' lang='lat' dir='ltr'><strong>oon</strong></span> <span class='ocrx_word' id='word_1_50' title='bbox 880 1132 979 1202; x_wconf 89' lang='lat' dir='ltr'><strong>modo</strong></span> <span class='ocrx_word' id='word_1_51' title='bbox 999 1130 1171 1214; x_wconf 60' lang='lat' dir='ltr'><strong>&#39;tacebant</strong></span> <span class='ocrx_word' id='word_1_52' title='bbox 1197 1133 1258 1202; x_wconf 81' lang='lat' dir='ltr'><strong>sed</strong></span> <span class='ocrx_word' id='word_1_53' title='bbox 1284 1141 1324 1202; x_wconf 89' lang='lat' dir='ltr'><strong>et</strong></span> <span class='ocrx_word' id='word_1_54' title='bbox 1348 1155 1419 1202; x_wconf 81' lang='lat' dir='ltr'><strong>na-</strong></span> 
     </span>
     <span class='ocr_line' id='line_1_8' title="bbox 385 1243 1420 1342; baseline 0.002 -26"><span class='ocrx_word' id='word_1_55' title='bbox 385 1243 476 1338; x_wconf 84' lang='lat' dir='ltr'><strong>ligne</strong></span> <span class='ocrx_word' id='word_1_56' title='bbox 493 1246 658 1317; x_wconf 82' lang='lat' dir='ltr'><strong>reflectere</strong></span> <span class='ocrx_word' id='word_1_57' title='bbox 675 1246 886 1317; x_wconf 77' lang='lat' dir='ltr'><strong>conabantur.</strong></span> <span class='ocrx_word' id='word_1_58' title='bbox 904 1245 965 1316; x_wconf 84' lang='lat' dir='ltr'><strong>His</strong></span> <span class='ocrx_word' id='word_1_59' title='bbox 981 1244 1088 1316; x_wconf 89' lang='lat' dir='ltr'><strong>habeo</strong></span> <span class='ocrx_word' id='word_1_60' title='bbox 1106 1267 1306 1337; x_wconf 75' lang='lat' dir='ltr'><strong>persuasum</strong></span> <span class='ocrx_word' id='word_1_61' title='bbox 1331 1247 1420 1342; x_wconf 83' lang='lat' dir='ltr'><strong>quod</strong></span> 
     </span>
     <span class='ocr_line' id='line_1_9' title="bbox 389 1358 1420 1455; baseline 0.003 -27"><span class='ocrx_word' id='word_1_62' title='bbox 389 1359 502 1430; x_wconf 81' lang='lat' dir='ltr'><strong>audeo.</strong></span> <span class='ocrx_word' id='word_1_63' title='bbox 518 1359 635 1430; x_wconf 89' lang='lat' dir='ltr'><strong>Habeo</strong></span> <span class='ocrx_word' id='word_1_64' title='bbox 653 1368 781 1452; x_wconf 84' lang='lat' dir='ltr'><strong>praeter</strong></span> <span class='ocrx_word' id='word_1_65' title='bbox 805 1358 869 1428; x_wconf 87' lang='lat' dir='ltr'><strong>hoc</strong></span> <span class='ocrx_word' id='word_1_66' title='bbox 893 1367 1139 1452; x_wconf 75' lang='lat' dir='ltr'><strong>praeceptorem</strong></span> <span class='ocrx_word' id='word_1_67' title='bbox 1164 1359 1420 1455; x_wconf 74' lang='lat' dir='ltr'><strong>Philoeoptrum,</strong></span> 
     </span>
     <span class='ocr_line' id='line_1_10' title="bbox 335 1471 1423 1574; baseline 0.001 -32"><span class='ocrx_word' id='word_1_68' title='bbox 335 1547 344 1574; x_wconf 76' lang='lat'><strong>.</strong></span> <span class='ocrx_word' id='word_1_69' title='bbox 388 1471 445 1566; x_wconf 81' lang='lat' dir='ltr'><strong>qui</strong></span> <span class='ocrx_word' id='word_1_70' title='bbox 462 1483 579 1544; x_wconf 85' lang='lat' dir='ltr'><strong>cuncta</strong></span> <span class='ocrx_word' id='word_1_71' title='bbox 595 1473 736 1544; x_wconf 89' lang='lat' dir='ltr'><strong>moralia</strong></span> <span class='ocrx_word' id='word_1_72' title='bbox 757 1473 983 1568; x_wconf 77' lang='lat' dir='ltr'><strong>dogmatizans</strong></span> <span class='ocrx_word' id='word_1_73' title='bbox 1007 1473 1091 1564; x_wconf 88' lang='grc'>(25),</span> <span class='ocrx_word' id='word_1_74' title='bbox 1117 1472 1235 1544; x_wconf 72' lang='lat' dir='ltr'><strong>amicir</strong></span> <span class='ocrx_word' id='word_1_75' title='bbox 1259 1472 1423 1544; x_wconf 71' lang='lat' dir='ltr'><strong>omnibu</strong></span> 
     </span>
     <span class='ocr_line' id='line_1_11' title="bbox 387 1585 1420 1681; baseline 0 -25"><span class='ocrx_word' id='word_1_76' title='bbox 387 1585 497 1657; x_wconf 89' lang='lat' dir='ltr'><strong>docuit</strong></span> <span class='ocrx_word' id='word_1_77' title='bbox 513 1588 686 1658; x_wconf 86' lang='lat' dir='ltr'><strong>veritatem</strong></span> <span class='ocrx_word' id='word_1_78' title='bbox 704 1587 963 1680; x_wconf 73' lang='lat' dir='ltr'><strong>praeferendam.</strong></span> <span class='ocrx_word' id='word_1_79' title='bbox 980 1585 1048 1659; x_wconf 86' lang='lat' dir='ltr'><strong>Nec</strong></span> <span class='ocrx_word' id='word_1_80' title='bbox 1063 1587 1154 1658; x_wconf 84' lang='lat' dir='ltr'><strong>Orac</strong></span> <span class='ocrx_word' id='word_1_81' title='bbox 1176 1587 1420 1681; x_wconf 69' lang='lat' dir='ltr'><strong>praenrmptio,</strong></span> 
     </span>
     <span class='ocr_line' id='line_1_12' title="bbox 389 1700 1418 1796; baseline 0.001 -25"><span class='ocrx_word' id='word_1_82' title='bbox 389 1721 491 1794; x_wconf 83' lang='lat' dir='ltr'><strong>quum</strong></span> <span class='ocrx_word' id='word_1_83' title='bbox 505 1700 735 1796; x_wconf 80' lang='lat' dir='ltr'><strong>objectandnm</strong></span> <span class='ocrx_word' id='word_1_84' title='bbox 751 1701 825 1796; x_wconf 85' lang='lat' dir='ltr'><strong>quin</strong></span> <span class='ocrx_word' id='word_1_85' title='bbox 842 1702 996 1784; x_wconf 81' lang='lat' dir='ltr'><strong>crederet,</strong></span> <span class='ocrx_word' id='word_1_86' title='bbox 1012 1701 1106 1796; x_wconf 79' lang='lat' dir='ltr'><strong>quani</strong></span> <span class='ocrx_word' id='word_1_87' title='bbox 1124 1711 1238 1772; x_wconf 83' lang='lat' dir='ltr'><strong>temere</strong></span> <span class='ocrx_word' id='word_1_88' title='bbox 1250 1723 1418 1794; x_wconf 77' lang='lat' dir='ltr'><strong>prm-um-</strong></span> 
     </span>
     <span class='ocr_line' id='line_1_13' title="bbox 390 1813 1413 1908; baseline 0 -24"><span class='ocrx_word' id='word_1_89' title='bbox 390 1823 532 1907; x_wconf 83' lang='lat' dir='ltr'><strong>pontem‚</strong></span> <span class='ocrx_word' id='word_1_90' title='bbox 551 1815 714 1886; x_wconf 86' lang='lat' dir='ltr'><strong>inficietur</strong></span> <span class='ocrx_word' id='word_1_91' title='bbox 728 1815 778 1886; x_wconf 84' lang='lat' dir='ltr'><strong>sui</strong></span> <span class='ocrx_word' id='word_1_92' title='bbox 795 1815 872 1886; x_wconf 84' lang='lat' dir='ltr'><strong>tabe</strong></span> <span class='ocrx_word' id='word_1_93' title='bbox 888 1824 1012 1894; x_wconf 64' lang='lat' dir='ltr'><strong>reatum</strong></span> <span class='ocrx_word' id='word_1_94' title='bbox 1027 1813 1108 1908; x_wconf 84' lang='lat' dir='ltr'><strong>quin</strong></span> <span class='ocrx_word' id='word_1_95' title='bbox 1130 1813 1185 1886; x_wconf 90' lang='lat' dir='ltr'><strong>ille</strong></span> <span class='ocrx_word' id='word_1_96' title='bbox 1210 1813 1249 1884; x_wconf 83' lang='lat' dir='ltr'><strong>ad</strong></span> <span class='ocrx_word' id='word_1_97' title='bbox 1272 1835 1413 1894; x_wconf 71' lang='lat' dir='ltr'><strong>mm,</strong></span> 
     </span>
     <span class='ocr_line' id='line_1_14' title="bbox 390 1923 1409 2022; baseline 0.003 -24"><span class='ocrx_word' id='word_1_98' title='bbox 390 1950 453 2022; x_wconf 83' lang='lat' dir='ltr'><strong>ego</strong></span> <span class='ocrx_word' id='word_1_99' title='bbox 477 1929 520 2000; x_wconf 87' lang='lat' dir='ltr'><strong>ad</strong></span> <span class='ocrx_word' id='word_1_100' title='bbox 536 1929 636 2004; x_wconf 83' lang='lat' dir='ltr'><strong>boves</strong></span> <span class='ocrx_word' id='word_1_101' title='bbox 653 1928 869 2013; x_wconf 77' lang='lat' dir='ltr'><strong>calcitrantes,</strong></span> <span class='ocrx_word' id='word_1_102' title='bbox 886 1937 920 2000; x_wconf 84' lang='lat' dir='ltr'><strong>ot</strong></span> <span class='ocrx_word' id='word_1_103' title='bbox 937 1927 1009 2021; x_wconf 82' lang='grc'>(26)</span> <span class='ocrx_word' id='word_1_104' title='bbox 1027 1949 1086 2021; x_wconf 81' lang='lat' dir='ltr'><strong>per</strong></span> <span class='ocrx_word' id='word_1_105' title='bbox 1100 1923 1409 2008; x_wconf 65' lang='lat' dir='ltr'><strong>ariadintmhtu.</strong></span> 
     </span>
     <span class='ocr_line' id='line_1_15' title="bbox 391 2046 531 2118; baseline -0.014 0"><span class='ocrx_word' id='word_1_106' title='bbox 391 2046 531 2118; x_wconf 84' lang='lat' dir='ltr'><strong>attendo</strong></span> 
     </span>
    </p>
   </div>
   <div class='ocr_carea' id='block_1_3' title="bbox 391 2387 1419 3172">
    <p class='ocr_par' dir='ltr' id='par_1_3' title="bbox 391 2387 1419 3172">
     <span class='ocr_line' id='line_1_16' title="bbox 472 2387 1419 2487; baseline -0.005 -25"><span class='ocrx_word' id='word_1_107' title='bbox 472 2394 505 2462; x_wconf 85' lang='grc'><strong>6.</strong></span> <span class='ocrx_word' id='word_1_108' title='bbox 530 2389 604 2464; x_wconf 86' lang='lat' dir='ltr'><strong>Non</strong></span> <span class='ocrx_word' id='word_1_109' title='bbox 631 2392 743 2487; x_wconf 82' lang='lat' dir='ltr'><strong>itaque</strong></span> <span class='ocrx_word' id='word_1_110' title='bbox 764 2389 879 2462; x_wconf 81' lang='lat' dir='ltr'><strong>videor</strong></span> <span class='ocrx_word' id='word_1_111' title='bbox 908 2409 1108 2484; x_wconf 82' lang='lat' dir='ltr'><strong>quemquam</strong></span> <span class='ocrx_word' id='word_1_112' title='bbox 1131 2387 1349 2460; x_wconf 65' lang='lat' dir='ltr'><strong>auorum</strong></span> <span class='ocrx_word' id='word_1_113' title='bbox 1378 2387 1419 2456; x_wconf 83' lang='lat' dir='ltr'><strong>ad</strong></span> 
     </span>
     <span class='ocr_line' id='line_1_17' title="bbox 391 2501 1418 2600; baseline -0.006 -26"><span class='ocrx_word' id='word_1_114' title='bbox 391 2501 522 2598; x_wconf 80' lang='lat' dir='ltr'><strong>jurgiu3</strong></span> <span class='ocrx_word' id='word_1_115' title='bbox 537 2504 616 2600; x_wconf 90' lang='lat' dir='ltr'><strong>quio</strong></span> <span class='ocrx_word' id='word_1_116' title='bbox 634 2507 742 2600; x_wconf 85' lang='lat' dir='ltr'><strong>potius</strong></span> <span class='ocrx_word' id='word_1_117' title='bbox 759 2502 960 2576; x_wconf 79' lang='lat' dir='ltr'><strong>confusionis</strong></span> <span class='ocrx_word' id='word_1_118' title='bbox 975 2503 1130 2574; x_wconf 80' lang='lat' dir='ltr'><strong>ruborem</strong></span> <span class='ocrx_word' id='word_1_119' title='bbox 1147 2513 1180 2574; x_wconf 88' lang='lat' dir='ltr'><strong>et</strong></span> <span class='ocrx_word' id='word_1_120' title='bbox 1206 2501 1243 2572; x_wconf 91' lang='lat' dir='ltr'><strong>iu</strong></span> <span class='ocrx_word' id='word_1_121' title='bbox 1270 2501 1364 2572; x_wconf 76' lang='lat' dir='ltr'><strong>vobin</strong></span> <span class='ocrx_word' id='word_1_122' title='bbox 1385 2507 1418 2568; x_wconf 85' lang='lat' dir='ltr'><strong>et</strong></span> 
     </span>
     <span class='ocr_line' id='line_1_18' title="bbox 397 2615 1417 2710; baseline -0.004 -22"><span class='ocrx_word' id='word_1_123' title='bbox 397 2617 433 2690; x_wconf 89' lang='lat' dir='ltr'><strong>in</strong></span> <span class='ocrx_word' id='word_1_124' title='bbox 449 2619 533 2701; x_wconf 81' lang='lat' dir='ltr'><strong>aliis,</strong></span> <span class='ocrx_word' id='word_1_125' title='bbox 551 2619 685 2690; x_wconf 90' lang='lat' dir='ltr'><strong>nomine</strong></span> <span class='ocrx_word' id='word_1_126' title='bbox 701 2620 772 2690; x_wconf 86' lang='lat' dir='ltr'><strong>solo</strong></span> <span class='ocrx_word' id='word_1_127' title='bbox 789 2615 1065 2690; x_wconf 82' lang='lat' dir='ltr'><strong>Archimaudritis</strong></span> <span class='ocrx_word' id='word_1_128' title='bbox 1081 2639 1139 2710; x_wconf 86' lang='lat' dir='ltr'><strong>per</strong></span> <span class='ocrx_word' id='word_1_129' title='bbox 1163 2616 1286 2686; x_wconf 77' lang='lat' dir='ltr'><strong>orbem</strong></span> <span class='ocrx_word' id='word_1_130' title='bbox 1311 2615 1417 2704; x_wconf 85' lang='lat' dir='ltr'><strong>(dum-</strong></span> 
     </span>
     <span class='ocr_line' id='line_1_19' title="bbox 395 2725 1417 2828; baseline -0.002 -22"><span class='ocrx_word' id='word_1_131' title='bbox 395 2742 489 2806; x_wconf 85' lang='lat' dir='ltr'><strong>taxat</strong></span> <span class='ocrx_word' id='word_1_132' title='bbox 521 2734 625 2828; x_wconf 87' lang='lat' dir='ltr'><strong>pudor</strong></span> <span class='ocrx_word' id='word_1_133' title='bbox 658 2733 841 2805; x_wconf 78' lang='lat' dir='ltr'><strong>eradicatus</strong></span> <span class='ocrx_word' id='word_1_134' title='bbox 866 2731 1000 2802; x_wconf 81' lang='lat' dir='ltr'><strong>nonsit</strong></span> <span class='ocrx_word' id='word_1_135' title='bbox 1025 2729 1186 2823; x_wconf 82' lang='lat' dir='ltr'><strong>totaliter)</strong></span> <span class='ocrx_word' id='word_1_136' title='bbox 1222 2725 1417 2804; x_wconf 65' lang='lat' dir='ltr'><strong>ammisse.</strong></span> 
     </span>
     <span class='ocr_line' id='line_1_20' title="bbox 398 2842 1418 2944; baseline -0.009 -26"><span class='ocrx_word' id='word_1_137' title='bbox 398 2871 502 2944; x_wconf 86' lang='lat' dir='ltr'><strong>quum</strong></span> <span class='ocrx_word' id='word_1_138' title='bbox 518 2851 559 2922; x_wconf 91' lang='lat' dir='ltr'><strong>de</strong></span> <span class='ocrx_word' id='word_1_139' title='bbox 576 2860 624 2922; x_wconf 93' lang='lat' dir='ltr'><strong>tot</strong></span> <span class='ocrx_word' id='word_1_140' title='bbox 639 2849 765 2929; x_wconf 85' lang='lat' dir='ltr'><strong>ovibus,</strong></span> <span class='ocrx_word' id='word_1_141' title='bbox 782 2856 815 2918; x_wconf 88' lang='lat' dir='ltr'><strong>et</strong></span> <span class='ocrx_word' id='word_1_142' title='bbox 831 2847 859 2916; x_wconf 87' lang='lat' dir='ltr'><strong>si</strong></span> <span class='ocrx_word' id='word_1_143' title='bbox 876 2865 943 2916; x_wconf 87' lang='lat' dir='ltr'><strong>nou</strong></span> <span class='ocrx_word' id='word_1_144' title='bbox 967 2844 1102 2926; x_wconf 59' lang='lat' dir='ltr'><strong>abnam</strong></span> <span class='ocrx_word' id='word_1_145' title='bbox 1126 2842 1286 2938; x_wconf 78' lang='lat' dir='ltr'><strong>neglectis</strong></span> <span class='ocrx_word' id='word_1_146' title='bbox 1310 2853 1418 2912; x_wconf 85' lang='lat' dir='ltr'><strong>tameo</strong></span> 
     </span>
     <span class='ocr_line' id='line_1_21' title="bbox 397 2957 1417 3058; baseline -0.006 -24"><span class='ocrx_word' id='word_1_147' title='bbox 397 2975 430 3034; x_wconf 88' lang='lat' dir='ltr'><strong>et</strong></span> <span class='ocrx_word' id='word_1_148' title='bbox 447 2965 649 3039; x_wconf 80' lang='lat' dir='ltr'><strong>incustoditis</strong></span> <span class='ocrx_word' id='word_1_149' title='bbox 666 2965 701 3034; x_wconf 90' lang='lat' dir='ltr'><strong>io</strong></span> <span class='ocrx_word' id='word_1_150' title='bbox 718 2957 854 3058; x_wconf 73' lang='lat' dir='ltr'><strong>pascuis,</strong></span> <span class='ocrx_word' id='word_1_151' title='bbox 864 2987 930 3034; x_wconf 87' lang='lat' dir='ltr'><strong>una</strong></span> <span class='ocrx_word' id='word_1_152' title='bbox 945 2962 1100 3043; x_wconf 76' lang='lat' dir='ltr'><strong>olavox,</strong></span> <span class='ocrx_word' id='word_1_153' title='bbox 1117 2961 1188 3032; x_wconf 82' lang='lat' dir='ltr'><strong>nola</strong></span> <span class='ocrx_word' id='word_1_154' title='bbox 1206 2959 1277 3054; x_wconf 82' lang='lat' dir='ltr'><strong>pia,</strong></span> <span class='ocrx_word' id='word_1_155' title='bbox 1294 2969 1329 3030; x_wconf 89' lang='lat' dir='ltr'><strong>et</strong></span> <span class='ocrx_word' id='word_1_156' title='bbox 1341 2957 1417 3028; x_wconf 72' lang='lat' dir='ltr'><strong>mee</strong></span> 
     </span>
     <span class='ocr_line' id='line_1_22' title="bbox 398 3073 1334 3172; baseline -0.002 -26"><span class='ocrx_word' id='word_1_157' title='bbox 398 3078 538 3170; x_wconf 86' lang='lat' dir='ltr'><strong>privata,</strong></span> <span class='ocrx_word' id='word_1_158' title='bbox 556 3079 591 3149; x_wconf 92' lang='lat' dir='ltr'><strong>in</strong></span> <span class='ocrx_word' id='word_1_159' title='bbox 608 3077 724 3152; x_wconf 85' lang='lat' dir='ltr'><strong>Matris</strong></span> <span class='ocrx_word' id='word_1_160' title='bbox 741 3077 906 3150; x_wconf 70' lang='lat' dir='ltr'><strong>Ecclesiae</strong></span> <span class='ocrx_word' id='word_1_161' title='bbox 921 3076 1016 3172; x_wconf 84' lang='lat' dir='ltr'><strong>quani</strong></span> <span class='ocrx_word' id='word_1_162' title='bbox 1032 3076 1147 3148; x_wconf 80' lang='lat' dir='ltr'><strong>iuuere</strong></span> <span class='ocrx_word' id='word_1_163' title='bbox 1164 3073 1334 3146; x_wconf 84' lang='lat' dir='ltr'><strong>audiatur.</strong></span> 
     </span>
    </p>
   </div>
   <div class='ocr_carea' id='block_1_4' title="bbox 339 3299 1420 4220">
    <p class='ocr_par' dir='ltr' id='par_1_4' title="bbox 339 3299 1420 4220">
     <span class='ocr_line' id='line_1_23' title="bbox 479 3299 1416 3401; baseline 0.002 -27"><span class='ocrx_word' id='word_1_164' title='bbox 479 3311 511 3374; x_wconf 85' lang='lat'><strong>7.</strong></span> <span class='ocrx_word' id='word_1_165' title='bbox 527 3305 651 3392; x_wconf 87' lang='lat' dir='ltr'><strong>Quidni</strong></span> <span class='ocrx_word' id='word_1_166' title='bbox 666 3312 682 3376; x_wconf 82' lang='lat' dir='ltr'><strong>t</strong></span> <span class='ocrx_word' id='word_1_167' title='bbox 699 3304 919 3400; x_wconf 82' lang='lat' dir='ltr'><strong>Cupiditatem</strong></span> <span class='ocrx_word' id='word_1_168' title='bbox 944 3303 1163 3401; x_wconf 62' lang='lat' dir='ltr'><strong>unuquisque</strong></span> <span class='ocrx_word' id='word_1_169' title='bbox 1186 3302 1254 3376; x_wconf 80' lang='lat' dir='ltr'><strong>sini</strong></span> <span class='ocrx_word' id='word_1_170' title='bbox 1271 3303 1363 3376; x_wconf 77' lang='lat' dir='ltr'><strong>duxit</strong></span> <span class='ocrx_word' id='word_1_171' title='bbox 1384 3299 1416 3368; x_wconf 72' lang='grc' dir='ltr'><strong>ἱι</strong></span> 
     </span>
     <span class='ocr_line' id='line_1_24' title="bbox 397 3419 1419 3517; baseline -0.003 -25"><span class='ocrx_word' id='word_1_172' title='bbox 397 3442 535 3492; x_wconf 86' lang='lat' dir='ltr'><strong>uxorem</strong></span> <span class='ocrx_word' id='word_1_173' title='bbox 554 3423 846 3517; x_wconf 81' lang='lat' dir='ltr'><strong>(quemadmodum</strong></span> <span class='ocrx_word' id='word_1_174' title='bbox 865 3431 897 3492; x_wconf 91' lang='lat' dir='ltr'><strong>et</strong></span> <span class='ocrx_word' id='word_1_175' title='bbox 913 3425 999 3513; x_wconf 81' lang='lat' dir='ltr'><strong>vos),</strong></span> <span class='ocrx_word' id='word_1_176' title='bbox 1015 3443 1110 3516; x_wconf 79' lang='lat' dir='ltr'><strong>quae,</strong></span> <span class='ocrx_word' id='word_1_177' title='bbox 1126 3442 1300 3514; x_wconf 82' lang='lat' dir='ltr'><strong>uunquam</strong></span> <span class='ocrx_word' id='word_1_178' title='bbox 1327 3419 1419 3514; x_wconf 74' lang='lat' dir='ltr'><strong>pieta-</strong></span> 
     </span>
     <span class='ocr_line' id='line_1_25' title="bbox 402 3533 1420 3632; baseline -0.002 -26"><span class='ocrx_word' id='word_1_179' title='bbox 402 3533 444 3606; x_wconf 78' lang='lat' dir='ltr'><strong>tia</strong></span> <span class='ocrx_word' id='word_1_180' title='bbox 469 3546 501 3606; x_wconf 89' lang='lat' dir='ltr'><strong>et</strong></span> <span class='ocrx_word' id='word_1_181' title='bbox 526 3535 707 3632; x_wconf 79' lang='lat' dir='ltr'><strong>aequitatis,</strong></span> <span class='ocrx_word' id='word_1_182' title='bbox 733 3547 768 3606; x_wconf 93' lang='lat' dir='ltr'><strong>ut</strong></span> <span class='ocrx_word' id='word_1_183' title='bbox 792 3535 928 3618; x_wconf 84' lang='lat' dir='ltr'><strong>Caritas,</strong></span> <span class='ocrx_word' id='word_1_184' title='bbox 952 3535 1008 3606; x_wconf 84' lang='lat' dir='ltr'><strong>aed</strong></span> <span class='ocrx_word' id='word_1_185' title='bbox 1032 3556 1164 3628; x_wconf 76' lang='lat' dir='ltr'><strong>semper</strong></span> <span class='ocrx_word' id='word_1_186' title='bbox 1187 3533 1420 3626; x_wconf 58' lang='lat' dir='ltr'><strong>impietatis&amp;</strong></span> 
     </span>
     <span class='ocr_line' id='line_1_26' title="bbox 402 3647 1419 3744; baseline 0.004 -28"><span class='ocrx_word' id='word_1_187' title='bbox 402 3647 585 3744; x_wconf 87' lang='lat' dir='ltr'><strong>iniquitatis</strong></span> <span class='ocrx_word' id='word_1_188' title='bbox 601 3663 648 3722; x_wconf 84' lang='lat' dir='ltr'><strong>est</strong></span> <span class='ocrx_word' id='word_1_189' title='bbox 663 3650 806 3743; x_wconf 77' lang='lat' dir='ltr'><strong>genitrix</strong></span> <span class='ocrx_word' id='word_1_190' title='bbox 823 3651 906 3743; x_wconf 81' lang='grc'>(27).</span> <span class='ocrx_word' id='word_1_191' title='bbox 922 3653 987 3732; x_wconf 87' lang='lat' dir='ltr'><strong>Ha,</strong></span> <span class='ocrx_word' id='word_1_192' title='bbox 1005 3661 1111 3722; x_wconf 86' lang='lat' dir='ltr'><strong>mater</strong></span> <span class='ocrx_word' id='word_1_193' title='bbox 1128 3647 1292 3742; x_wconf 73' lang='lat' dir='ltr'><strong>piissima,</strong></span> <span class='ocrx_word' id='word_1_194' title='bbox 1303 3653 1419 3742; x_wconf 66' lang='lat' dir='ltr'><strong>Suum</strong></span> 
     </span>
     <span class='ocr_line' id='line_1_27' title="bbox 402 3756 1416 3860; baseline -0.006 -26"><span class='ocrx_word' id='word_1_195' title='bbox 402 3759 539 3834; x_wconf 73' lang='lat' dir='ltr'><strong>Christi!</strong></span> <span class='ocrx_word' id='word_1_196' title='bbox 554 3787 634 3858; x_wconf 87' lang='lat' dir='ltr'><strong>quos</strong></span> <span class='ocrx_word' id='word_1_197' title='bbox 651 3765 685 3834; x_wconf 93' lang='lat' dir='ltr'><strong>in</strong></span> <span class='ocrx_word' id='word_1_198' title='bbox 703 3787 787 3860; x_wconf 85' lang='lat' dir='ltr'><strong>aqua</strong></span> <span class='ocrx_word' id='word_1_199' title='bbox 805 3787 825 3836; x_wconf 86' lang='lat' dir='ltr'><strong>a</strong></span> <span class='ocrx_word' id='word_1_200' title='bbox 842 3763 959 3858; x_wconf 87' lang='lat' dir='ltr'><strong>spiritu</strong></span> <span class='ocrx_word' id='word_1_201' title='bbox 975 3783 1113 3858; x_wconf 80' lang='lat' dir='ltr'><strong>generas</strong></span> <span class='ocrx_word' id='word_1_202' title='bbox 1124 3761 1196 3856; x_wconf 87' lang='grc'>(28)</span> <span class='ocrx_word' id='word_1_203' title='bbox 1207 3761 1270 3834; x_wconf 84' lang='lat' dir='ltr'><strong>tihi</strong></span> <span class='ocrx_word' id='word_1_204' title='bbox 1292 3756 1416 3834; x_wconf 77' lang='lat' dir='ltr'><strong>filiorad</strong></span> 
     </span>
     <span class='ocr_line' id='line_1_28' title="bbox 405 3871 1416 3967; baseline 0.002 -23"><span class='ocrx_word' id='word_1_205' title='bbox 405 3874 576 3948; x_wconf 81' lang='lat' dir='ltr'><strong>ruborem!</strong></span> <span class='ocrx_word' id='word_1_206' title='bbox 593 3885 666 3954; x_wconf 89' lang='lat' dir='ltr'><strong>Non</strong></span> <span class='ocrx_word' id='word_1_207' title='bbox 692 3879 828 3960; x_wconf 82' lang='lat' dir='ltr'><strong>Caritas,</strong></span> <span class='ocrx_word' id='word_1_208' title='bbox 846 3899 913 3948; x_wconf 90' lang='lat' dir='ltr'><strong>non</strong></span> <span class='ocrx_word' id='word_1_209' title='bbox 937 3880 1083 3960; x_wconf 81' lang='lat' dir='ltr'><strong>Astraea,</strong></span> <span class='ocrx_word' id='word_1_210' title='bbox 1098 3879 1155 3950; x_wconf 81' lang='lat' dir='ltr'><strong>aed</strong></span> <span class='ocrx_word' id='word_1_211' title='bbox 1180 3876 1270 3948; x_wconf 86' lang='lat' dir='ltr'><strong>filiae</strong></span> <span class='ocrx_word' id='word_1_212' title='bbox 1297 3871 1416 3967; x_wconf 63' lang='lat' dir='ltr'><strong>saugui-</strong></span> 
     </span>
     <span class='ocr_line' id='line_1_29' title="bbox 404 3988 1414 4087; baseline 0.002 -25"><span class='ocrx_word' id='word_1_213' title='bbox 404 4011 503 4084; x_wconf 78' lang='lat' dir='ltr'><strong>nugaa</strong></span> <span class='ocrx_word' id='word_1_214' title='bbox 536 3993 640 4066; x_wconf 75' lang='lat' dir='ltr'><strong>ferme</strong></span> <span class='ocrx_word' id='word_1_215' title='bbox 665 4005 741 4065; x_wconf 84' lang='lat' dir='ltr'><strong>suot</strong></span> <span class='ocrx_word' id='word_1_216' title='bbox 773 3993 835 4064; x_wconf 85' lang='lat' dir='ltr'><strong>tihi</strong></span> <span class='ocrx_word' id='word_1_217' title='bbox 869 4015 979 4066; x_wconf 75' lang='lat' dir='ltr'><strong>nurus.</strong></span> <span class='ocrx_word' id='word_1_218' title='bbox 1003 3996 1117 4079; x_wconf 86' lang='lat' dir='ltr'><strong>Quae,</strong></span> <span class='ocrx_word' id='word_1_219' title='bbox 1150 3991 1264 4087; x_wconf 68' lang='lat' dir='ltr'><strong>quun</strong></span> <span class='ocrx_word' id='word_1_220' title='bbox 1297 3988 1414 4084; x_wconf 64' lang='lat' dir='ltr'><strong>parim</strong></span> 
     </span>
     <span class='ocr_line' id='line_1_30' title="bbox 339 4103 1414 4220; baseline 0 -40"><span class='ocrx_word' id='word_1_221' title='bbox 339 4203 357 4220; x_wconf 47' lang='lat'><em>·</em></span> <span class='ocrx_word' id='word_1_222' title='bbox 406 4105 470 4180; x_wconf 81' lang='lat' dir='ltr'><strong>tihi</strong></span> <span class='ocrx_word' id='word_1_223' title='bbox 495 4107 610 4196; x_wconf 77' lang='lat' dir='ltr'><strong>foetus,</strong></span> <span class='ocrx_word' id='word_1_224' title='bbox 637 4117 766 4204; x_wconf 76' lang='lat' dir='ltr'><strong>praetor</strong></span> <span class='ocrx_word' id='word_1_225' title='bbox 790 4103 976 4218; x_wconf 73' lang='lat' dir='ltr'><strong>Luneunem</strong></span> <span class='ocrx_word' id='word_1_226' title='bbox 994 4108 1187 4186; x_wconf 78' lang='lat' dir='ltr'><strong>Pontificem</strong></span> <span class='ocrx_word' id='word_1_227' title='bbox 1211 4107 1298 4202; x_wconf 80' lang='grc'>(29),</span> <span class='ocrx_word' id='word_1_228' title='bbox 1313 4115 1414 4180; x_wconf 63' lang='lat' dir='ltr'><strong>out!</strong></span> 
     </span>
    </p>
   </div>
   <div class='ocr_carea' id='block_1_5' title="bbox 0 0 1534 4986">
    <p class='ocr_par' dir='ltr' id='par_1_5' title="bbox 0 0 1534 4986">
     <span class='ocr_line' id='line_1_31' title="bbox 0 0 1534 4986; baseline 0 0"><span class='ocrx_word' id='word_1_229' title='bbox 0 0 1534 4986; x_wconf 95' lang='lat' dir='ltr'><strong> </strong></span> 
     </span>
    </p>
   </div>
  </div>
 </body>
</html>
