2890 4978
407 433 518 497 nean
531 433 693 486 srcnnnos
878 416 947 482 net
991 507 994 520 Ι

49 539 137 612 edan
153 539 345 634 expostulet
363 541 535 614 Testamur
551 539 687 634 proinde
705 538 904 634 incipientes,
913 563 978 610 non
989 539 1053 612 mi·

49 655 162 726 nimum
195 675 280 746 opus
313 677 387 728 esse·
406 655 541 726 rationis
565 652 793 726 discretionem
818 655 1053 726 vocabulorum

51 767 180 852 labere,
199 768 360 863 quoniam
387 769 555 862 perplures
579 789 694 840 eorum
730 767 881 840 materies
915 767 1056 838 inveniri

53 905 128 976 pose
160 882 320 956 videmus
346 887 431 956 Nem
457 883 695 956 vocabulorum
720 883 882 978 quaedam
909 882 1057 975 puerilia,
1157 895 1161 908 '

53 996 196 1087 wedam
214 997 405 1082 muliebria,
419 999 582 1092 qrmedam
608 996 731 1077 viriliaz
756 996 932 1068 ethorum
958 1021 1058 1091 quae·

54 1105 116 1176 dam
129 1107 302 1190 silvestria,
317 1111 481 1204 quaedam
498 1109 635 1192 urbana,
651 1121 825 1191 eteorum,
849 1133 934 1203 quae
959 1109 1059 1180 urba·

56 1241 88 1290 na
101 1243 261 1306 vocaturus,
278 1224 442 1318 quaedam
460 1247 553 1317 pexa,
570 1237 602 1297 et
619 1224 758 1304 lubrica,
775 1225 937 1319 quaedam
948 1222 1058 1308 insuta,

56 1335 219 1410 sireburra
236 1339 404 1410 sentimus
423 1339 508 1411 inter
524 1363 611 1435 quae
627 1340 762 1435 qm'dem
780 1363 874 1432 pexo,
890 1349 988 1433 atque
1013 1340 1059 1410 ir·
1197 1358 1199 1378 ·

57 1457 111 1518 ute
125 1463 195 1522 erint
212 1453 282 1533 illa,
299 1477 384 1547 quae
401 1476 557 1526 vocamus
573 1453 758 1548 grandinea:
775 1455 905 1527 lubrice
920 1476 1010 1538 vero,
1027 1464 1060 1524 et

58 1563 170 1636 niuno
185 1589 345 1640 vocamus
361 1566 429 1652 illa,
445 1591 529 1663 quae
547 1569 582 1640 in
598 1569 806 1664 superfluum
825 1578 951 1640 sonant:
975 1593 1057 1664 que-

62 1678 252 1754 madmodum
270 1679 307 1750 in
324 1683 453 1776 mamm
469 1683 633 1777 operibus,
646 1685 813 1777 quaedam
838 1681 1061 1777 magnanimi-
1192 1675 1195 1680 ’

61 1790 117 1860 tatis
130 1803 201 1864 sunt
216 1815 331 1889 opera,
348 1795 512 1890 quaedam
529 1796 625 1878 iumi3
643 1795 701 1866 ulri
726 1796 806 1866 lieet
830 1796 866 1864 in
890 1793 1061 1888 superlicio

63 1905 172 1996 quidam
189 1909 414 1982 oonsideretnr
431 1910 611 1992 adscensus
625 1933 667 1980 ex
682 1932 749 2006 quo
764 1910 909 1980 limitata
934 1906 1063 1980 virtutis

61 2014 127 2092 linea
146 2023 401 2114 praevaricatur,
419 2025 507 2096 hona
523 2025 650 2096 ratione
667 2047 733 2096 non
752 2024 994 2104 adsteffluffll
1004 2043 1063 2115 Per

66 2132 116 2204 du
144 2136 287 2210 declivia
310 2137 407 2210 arina
430 2138 604 2210 eonnobit.
636 2138 798 2212 intuearis
822 2159 911 2232 0¹30,
936 2139 1063 2218 lecim,

63 2259 196 2338 quantum
213 2253 256 2322 ad
275 2253 477 2324 exaoeranda
495 2251 629 2346 egregia
644 2251 748 2324 ,verba
764 2251 951 2324 temihrure
962 2271 1062 2342 opor-

65 2367 103 2430 tet
116 2387 186 2436 nam
200 2370 229 2438 si
246 2369 398 2462 Vulgare
415 2369 543 2440 lllustre
559 2368 750 2450 oonsideres,
764 2390 833 2462 quo
857 2364 982 2460 tragice
1006 2365 1062 2434 de·
1186 2387 1188 2393 ·

67 2471 184 2553 lentati
199 2487 321 2556 Poetae
337 2484 511 2577 Volgares,
529 2492 565 2556 ut
581 2483 730 2576 superius
745 2481 871 2552 dietum
897 2488 953 2561 est,
968 2499 1063 2572 'quoe

67 2583 214 2668 informare
231 2596 442 2676 intendimus,
459 2597 529 2668 sola
545 2596 708 2668 vocabulo
725 2594 931 2696 nobilissima
947 2592 983 2661 in
999 2591 1063 2661 eri-
1082 2665 1084 2673 ¹

67 2695 112 2770 lto
125 2713 174 2778 luo
189 2711 332 2782 residere
349 2709 488 2780 curabis
505 2712 544 2780 lu
561 2731 705 2804 quorum
720 2731 870 2790 numero,
894 2731 956 2778 neo
982 2729 1063 2798 pue·

69 2811 125 2885 nlia
144 2835 270 2916 propter
294 2822 346 2896 sui
372 2821 626 2916 simplieitatem,
652 2833 689 2892 ut
713 2820 864 2903 llommo,
888 2829 922 2890 et
946 2818 1063 2900 Bodbot

69 2925 142 3013 flate,
156 2946 185 3006 et
200 2939 293 3014 Poto:
310 2961 370 3008 nee
387 2937 565 3008 nrrrliebria
583 2945 718 3030 propter
735 2935 789 3006 sui
815 2933 1002 3012 mollitiem,
1027 2941 1064 3002 ut

70 3039 200 3134 dolum,
217 3063 249 3124 et
261 3053 432 3147 plectente:
448 3049 691 3130 neosiluastria.
702 3059 835 3144 propter
845 3047 1064 3144 asperitatem,

69 3161 94 3220 ΠΙ
106 3163 205 3250 Μία,
222 3175 254 3236 et
272 3175 415 3247 caeteram
432 3189 492 3235 nec
510 3165 638 3236 urbana
655 3163 797 3246 lubriea,
811 3173 845 3234 at
860 3163 1008 3242 reburro,
1025 3170 1064 3234 ut

70 3265 161 3352 imino
175 3288 205 3348 et
219 3304 326 3374 corpo,
343 3281 410 3352 ullo
429 3281 527 3350 modo
544 3278 665 3373 poteris
691 3278 870 3350 oonloeare.
896 3278 972 3348 Sola
998 3285 1064 3346 ete-

64 3375 123 3452 'ssim
138 3411 223 3480 pera,
240 3395 406 3490 irsutaque
431 3395 558 3466 urbana
584 3393 646 3464 tibi
672 3402 792 3464 restare
818 3392 955 3472 videbis,
979 3411 1065 3484 quae

73 3495 248 3578 nobilissima
263 3517 339 3580 sunt
356 3518 387 3579 et
405 3509 554 3580 membra
578 3505 733 3600 Vulgaris
759 3505 901 3574 illustris·
926 3513 958 3574 et
983 3527 1067 3596 pexa

74 3627 202 3690 loetratus
218 3621 284 3711 illa,
302 3647 385 3718 quiae
402 3623 582 3717 trisyllaba,
599 3623 654 3694 val
674 3618 877 3695 vicinissime
886 3618 1064 3712 trisyllabi-

75 3727 127 3808 ¹³¹5.
141 3734 202 3808 siue
218 3739 425 3834 aspiratione,
450 3740 519 3808 sino
546 3747 683 3808 accentu
709 3743 817 3817 acuto,
843 3734 898 3804 vel
924 3733 1066 3802 circum·

76 3833 150 3924 teo,
164 3849 229 3922 sine
245 3877 262 3922 z
278 3855 333 3926 vel
346 3878 373 3924 n
388 3852 583 3947 duplicibus,
607 3851 676 3922 sino
700 3852 842 3924 &uum
866 3846 1065 3944 liquidarum

76 3956 281 4056 dominatione,
298 3970 351 4040 vel
369 3966 529 4062 positione
546 3964 735 4038 immediate
753 3973 823 4060 post
839 3960 1065 4038 mutamdola·
