2914 4982
479 425 552 496 590
754 441 798 498 os
823 437 1025 498 nosssenss'

372 547 560 648 Phsiosophi
576 547 743 624 enisnlism
761 551 988 646 pertractantis
1000 549 1079 624 eiici
1095 549 1188 634 soles
1203 549 1389 636 dicitaisr,

370 664 424 738 sed
442 677 475 738 et
491 666 553 738 hoe
568 667 650 738 salse
665 665 872 760 syllogismo:
889 665 1017 748 sortiri,
1033 665 1121 761 qnod
1137 665 1279 761 quiden
1302 687 1391 760 opor·

370 789 416 852 tet
431 779 550 862 sortiri,
564 779 676 852 sortiri
692 789 835 874 oportet:
846 803 909 875 per
919 781 1008 877 qood
1026 791 1148 862 nutem,
1166 783 1322 856 nonzsei
1338 783 1390 854 isi-

370 917 444 966 snm
462 894 607 966 medinm
623 893 803 966 terminum
818 917 894 966 esse.
912 897 999 969 Nem
1014 894 1042 966 si
1060 919 1101 967 ex
1115 895 1321 991 syllogismis
1343 921 1394 969 ve·

371 1031 446 1080 runs
462 1007 706 1104 quodmmoso
722 1007 933 1091 oonoludr'tnr,
950 1008 1013 1080 hoo
1029 1020 1078 1081 est
1102 1033 1162 1104 per
1187 1011 1393 1092 aecimis

371 1132 532 1218 qnantum
550 1121 630 1194 siluri
654 1144 770 1194 venem
796 1121 1003 1214 importatur,
1018 1145 1079 1217 per
1102 1145 1200 1195 νοω
1225 1123 1392 1206 illationisz

372 1255 432 1328 per
455 1258 490 1307 se
514 1234 605 1306 enirn
629 1257 748 1306 verum
773 1257 943 1328 onnqnsns
958 1236 1109 1330 seqnitur
1120 1259 1162 1306 ex
1179 1237 1293 1319 isisis3
1309 1237 1391 1331 signs

371 1361 484 1422 temne
507 1349 579 1422 veri
605 1349 688 1420 bene
712 1357 892 1444 sequuntur
915 1373 958 1420 er
981 1350 1084 1444 signis
1106 1373 1192 1446 (pose
1212 1363 1294 1424 sont
1308 1351 1390 1445 signs

371 1463 462 1534 inlsit
478 1461 526 1533 sic
541 1472 575 1534 et
590 1463 627 1532 in
642 1461 874 1556 operabililsos.
891 1460 978 1534 Nem
994 1463 1073 1535 lieet
1089 1464 1143 1536 ior
1157 1465 1200 1535 de
1216 1466 1309 1536 insto
1324 1464 1394 1534 sot-

371 1577 484 1650 venist
509 1577 656 1674 properi,
681 1598 749 1647 non
774 1587 886 1648 tsnsen
911 1577 1118 1674 eleemosyns
1131 1577 1315 1650 dioestm
1336 1591 1392 1651 st:

370 1693 426 1766 sod
441 1703 490 1764 est
506 1691 592 1765 notio
607 1693 780 1787 qsnedsrn
789 1713 873 1786 quse
889 1689 918 1762 si
934 1691 976 1764 rie
991 1692 1127 1787 propris
1142 1691 1327 1764 snbstsntis
1340 1693 1392 1764 ss·

370 1815 429 1887 ret,
446 1805 672 1899 eleemosynae
688 1805 831 1876 iornssrn
848 1803 993 1876 heberet
1010 1804 1173 1880 Similiter
1188 1817 1240 1878 est
1266 1808 1305 1878 ds
1326 1807 1383 1876 ine

366 1918 467 2014 juris:
484 1918 563 2015 qnia
579 1918 607 1988 si
624 1917 723 2000 uliud,
739 1927 776 1990 ut
791 1917 866 1988 finis
882 1917 983 2010 ipsius
994 1917 1089 2014 juris,
1106 1919 1232 2014 absque
1245 1919 1317 2014 jore
1328 1917 1385 1988 oi·

371 2033 502 2114 tinetur,
520 2033 567 2104 its
582 2040 663 2104 esset
674 2031 760 2125 juris
784 2031 869 2116 finis,
886 2031 950 2104 hoo
974 2041 1023 2104 est
1047 2031 1174 2104 lsonuns
1200 2053 1381 2110 wnnnoet

370 2145 453 2218 sinn
468 2145 628 2218 exhibitio
643 2147 730 2218 taen
743 2147 787 2218 sie
804 2148 891 2218 rnsie
909 2146 1078 2242 sequisito,
1095 2157 1144 2220 est
1159 2148 1380 2242 attemps:

372 2260 569 2345 sisinnum
586 2259 620 2330 in
639 2259 860 2354 propositione
874 2260 1003 2333 dicotsr
1017 2262 1059 2334 de
1075 2261 1140 2334 tine
1152 2261 1240 2356 jrnis
1255 2262 1386 2332 exim·

371 2387 414 2458 te,
431 2397 496 2448 non
512 2384 624 2447 tomen
641 2384 830 2468 opponente,
846 2373 1002 2448 insontis
1017 2373 1112 2447 nulls
1127 2383 1186 2446 est
1210 2376 1302 2448 Petet
1324 2371 1384 2469 ‘qi-

372 2499 435 2572 tsn,
451 2488 540 2584 qnod
555 2487 784 2584 qmsrssnur.

450 2839 493 2910 Et
518 2837 599 2912 ittsst
624 2837 710 2934 qnod
736 2847 855 2911 nstnrs
879 2835 1053 2922 ordinarit.
1078 2837 1119 2912 de
1139 2837 1218 2936 jore
1234 2845 1386 2916 mut

372 2962 491 3024 nntnrn
506 2953 597 3024 enirn
614 2953 649 3024 in
665 2953 867 3048 providendo
883 2975 951 3024 oon
966 2953 1077 3025 definit
1091 2955 1136 3027 sb
1160 2953 1303 3026 isonisis
1318 2973 1385 3046 pro·

373 3065 533 3138 videntis:
549 3065 629 3160 quis
644 3067 672 3138 si
687 3067 839 3140 deficeret
854 3065 986 3139 effectss
1001 3078 1171 3162 superaret
1188 3089 1332 3138 essm
1355 3063 1384 3132 is

373 3179 530 3266 bonitate,
546 3183 633 3278 prod
648 3193 697 3254 est
712 3182 923 3278 impossibile
934 3181 997 3256 Sed
1014 3203 1074 3253 nos
1089 3183 1251 3265 vidensm,
1260 3180 1340 3276 qood
1355 3177 1384 3246 it

373 3295 521 3392 eollegiis
535 3296 750 3381 instituendis,
767 3319 833 3368 non
850 3297 956 3370 solens
972 3297 1054 3368 ordo
1071 3295 1275 3390 oolisgsmns
1290 3295 1327 3368 sd
1342 3293 1386 3364 is·

374 3411 482 3484 vinem
500 3410 724 3484 oonsiderstnr
740 3411 784 3484 sb
801 3411 998 3495 instituente,
1015 3411 1071 3484 ssd
1086 3421 1120 3482 et
1134 3410 1275 3483 isenitss
1289 3409 1326 3482 sd
1337 3405 1385 3475 oi·

257 3547 262 3572 ‘
373 3525 450 3596 ficis
466 3526 663 3607 exneendu
679 3527 765 3621 qnod
782 3535 831 3598 est
847 3525 1053 3596 oonsidersno
1068 3523 1250 3596 terminum
1262 3518 1381 3619 josisis

372 3639 522 3732 collegio,
538 3639 592 3713 vei
609 3639 644 3710 in
661 3639 795 3722 ordines
812 3659 878 3709 non
905 3637 996 3710 enirn
1015 3637 1074 3732 jos
1098 3637 1283 3709 mundior
1305 3634 1380 3705 nitn

372 3773 474 3846 1³⁰*-
499 3753 589 3848 Erss⁰
614 3754 657 3826 ab
682 3752 746 3826 hoo
769 3752 979 3850 providentis
1004 3763 1121 3824 nsorrs
1147 3773 1215 3824 non
1240 3746 1378 3823 deficitis

370 3864 436 3938 seis
450 3866 617 3938 ordinetis.
634 3873 770 3963 Μαι
785 3867 870 3964 qnod
897 3876 996 3962 pstet,
1011 3866 1100 3962 qnod
1125 3877 1245 3940 natm
1267 3861 1376 3936 ostes

371 4001 422 4050 res
436 3999 513 4052 esso
531 3991 678 4076 respecto
692 4003 827 4058 sosnrns
853 3981 1062 4056 isnsitstonsz
1077 3981 1137 4078 qni
1162 3989 1319 4076 respsotu
1336 3977 1377 4044 stt
