2890 4978
490 417 561 485 ras
703 427 746 484 ns
772 430 919 484 mnsam
944 428 1088 494 ntoomo

385 542 528 622 aethera,
545 545 754 634 Demtuncpro
771 540 855 610 lilios
871 549 1196 636 vocatqnamqmm
1212 539 1398 637 Qurateln·

385 665 515 750 quatur.
549 658 591 724 Et
617 655 689 725 ideo
714 653 904 726 confiteatur
928 679 1042 726 eorum
1067 656 1225 738 stultitia'
1248 657 1303 752 qni
1329 673 1399 738 arte.

387 768 584 862 scientiaque
609 767 788 848 immunes,
812 769 853 838 de
878 769 947 838 solo
973 769 1107 864 ingenio
1133 773 1337 856 confidentes,
1360 776 1395 844 ad

388 907 518 954 summa
543 906 670 954 summe
696 884 842 954 cauenda
869 895 1097 978 prorumpunt
1115 895 1148 956 et
1172 909 1193 958 a
1217 897 1307 960 tanta
1332 911 1396 982 pro·

388 997 632 1088 sumptuositate
657 997 827 1076 desistant:
853 998 937 1067 etsi
964 1021 1093 1072 anseres
1117 1003 1263 1074 naturali
1287 1002 1396 1074 desidia

386 1119 471 1191 sum,
488 1109 594 1182 nolint
609 1109 800 1204 astripotam
819 1111 965 1206 aquilam
983 1111 1117 1186 imitari.

794 1339 939 1414 CAPUT
964 1343 1006 1414 V.

310 1551 312 1556 ’
457 1584 502 1638 nr
518 1587 762 1640 consummans
779 1591 945 1654 mnsam
963 1591 1006 1644 rr
1024 1593 1220 1646 vsmnrarn
1236 1597 1346 1648 norm

772 1705 836 1754 ran
852 1705 1028 1756 samsona

466 1912 517 1981 De
533 1910 693 2004 gmvitate
700 1913 1009 1996 sententiarumvel
1025 1915 1109 1986 satis
1118 1915 1237 1988 dixisse
1253 1917 1391 1994 videmur,

233 2039 239 2058 ·
326 2013 329 2020 ’
390 2025 444 2098 vel
461 2025 576 2096 saltem
594 2035 710 2108 tntum,
726 2027 811 2121 quod
828 2028 937 2120 operis
952 2039 999 2100 est
1016 2031 1127 2101 nostri.
1144 2033 1344 2125 Quapropter
1359 2027 1391 2098 ad

390 2140 579 2232 superbiam
596 2141 783 2212 carminum
808 2142 1008 2224 festinemus
1026 2145 1114 2214 circa
1136 2147 1224 2238 quod
1250 2145 1391 2216 sciendum

391 2269 449 2340 est,
464 2259 549 2351 quod
567 2260 825 2350 praedecessores
850 2259 951 2330 nostri
978 2259 1115 2332 diversis
1139 2259 1336 2332 carminibus
1355 2255 1393 2326 mi

390 2383 464 2442 amc
483 2371 517 2440 tn
541 2373 756 2442 censensus
780 2373 857 2452 sua,
873 2375 960 2468 qam
977 2384 1010 2444 a
1034 2375 1185 2444 meacm
1212 2352 1338 2446 radens
1351 2371 1393 2442 m

392 2487 521 2556 nullum
540 2487 645 2558 adhuc
661 2486 849 2556 invenimus
865 2511 999 2558 carmen
1016 2487 1051 2556 in
1068 2488 1289 2581 syllabicando
1310 2485 1396 2556 ends·

392 2601 595 2694 oasyllabum
621 2601 863 2683 transcendisse,
880 2623 942 2674 nec
966 2625 987 2675 a
1011 2602 1186 2697 trisyllaba
1209 2599 1396 2674 descendisse

392 2717 436 2788 Et
452 2714 529 2785 licet
545 2716 715 2810 trisyllalro
732 2716 879 2786 carmine
895 2726 994 2810 atquo
1010 2719 1314 2813 endecasyllabum
1335 2737 1396 2784 om·

392 2827 490 2898 nibus
505 2828 708 2900 intermediis
725 2839 873 2898 cantores
890 2830 977 2900 Latii
1001 2830 1052 2900 nsi
1076 2830 1152 2912 sint,
1168 2832 1395 2926 epesyuebum.
1438 2909 1439 2924 ¹

393 2953 426 3012 et
441 2943 720 3012 endecasillahum
737 2942 849 3013 in'usu
866 2943 1081 3036 frequentiori
1099 2945 1274 3016 habentur:
1289 2955 1318 3015 et
1339 2949 1394 3036 post
1438 2929 1439 2968 ¹

393 3053 475 3124 haec
490 3055 698 3148 trisyllabum
716 3067 792 3127 ante
808 3056 886 3136 aliac
898 3079 1044 3150 quorum
1061 3058 1215 3129 omnium
1231 3051 1395 3146 endecasyl-

392 3168 508 3240 tabum
525 3169 730 3241 videturesse
745 3170 1004 3262 superstratum
1021 3172 1179 3266 temporis
1195 3169 1394 3266 compellunt

311 3342 317 3352 ,
394 3305 495 3378 quam
512 3283 692 3375 capacitate
710 3284 897 3366 sententiae,
917 3286 1175 3366 commistionis,
1193 3297 1226 3356 et
1242 3281 1394 3358 vocabalo·

302 3467 306 3474 ,
395 3421 481 3479 rumz
497 3419 638 3492 quorum
654 3399 805 3470 omnium
822 3397 988 3491 specimen
1005 3399 1112 3494 magis
1128 3392 1393 3494 multiplicatmlt

395 3510 465 3593 rllo,
490 3521 526 3582 ut
552 3512 723 3587 maniimte
749 3521 894 3606 apparet·
911 3536 990 3584 nam
1016 3513 1216 3608 unicumque
1241 3510 1393 3606 ponderosi

396 3624 670 3717 multiplicantur,
687 3637 721 3696 et
738 3627 872 3718 pondus
890 3628 933 3696 Et
948 3647 1063 3698 omnes
1085 3627 1148 3696 hoc
1165 3630 1318 3698 nouere
1338 3641 1393 3716 ptr·

398 3739 544 3832 pendisse
562 3741 909 3822 videntm,Cantiones
926 3739 1067 3813 illustres
1083 3741 1275 3838 incipientes
1290 3741 1329 3812 ab
1343 3733 1393 3812 illa

397 3864 432 3924 nt
449 3853 608 3926 Gerardus
624 3856 663 3926 de
680 3857 841 3926 Bomello:

473 3969 541 4038 Ara
558 3971 693 4038 amireos
711 3972 885 4040 enodatio
901 3983 1040 4040 cantora.
