3034 4986
768 525 978 602 mussona
1005 525 1062 598 lV.

467 777 710 836 cantitat-tuus
736 779 881 830 mulllfl
906 775 1037 828 nanu
1062 771 1293 826 mmmm
1319 771 1366 822 D!

812 893 1012 944 sponsoris.

477 1109 508 1178 1.
533 1155 554 1188 „
578 1104 751 1190 Quomodo
767 1099 837 1174 sola
851 1103 942 1174 sodet
957 1100 1081 1180 civitas,
1100 1099 1200 1192 plana
1218 1099 1364 1192 populna
1378 1100 1425 1168 la·

403 1269 423 1306 „
449 1231 502 1292 eta
519 1230 567 1291 est
580 1217 676 1313 'quasi
700 1213 802 1288 vidua
827 1215 964 1288 domina
991 1214 1141 1308 gentium
1170 1213 1220 1304 (1)
1248 1264 1279 1294 „.
1305 1211 1424 1282 Princi-

403 1355 483 1432 pum
500 1331 666 1429 quondam
684 1329 934 1402 Pharisaeorum
961 1327 1139 1424 cupiditas,
1165 1349 1254 1422 quae
1279 1327 1425 1398 sacerdo-

401 1447 484 1519 tium
500 1457 593 1518 retus
609 1444 833 1518 abominabile
849 1444 936 1526 lecit,
952 1466 1021 1514 non
1038 1442 1137 1517 modo
1148 1439 1322 1512 leviticae
1331 1441 1425 1533 prolis

402 1560 621 1634 ministerium
636 1560 811 1639 transtulit,
822 1559 904 1654 quin
915 1569 947 1629 et
965 1559 1167 1652 praeelectae
1184 1554 1309 1624 civitati
1320 1553 1428 1624 David

401 1672 608 1745 obsidionem
643 1669 769 1768 peperit
794 1681 826 1742 et
859 1671 990 1744 ruinam
1018 1669 1075 1766 (2).
1099 1669 1198 1756 Quod
1221 1669 1350 1764 quidem
1385 1669 1426 1736 tle

400 1789 533 1884 specula
634 1789 680 1880 (3)
706 1787 907 1862 aeternitatis
932 1787 1060 1862 intruens
1084 1783 1143 1882 qui
1168 1785 1248 1855 nolus
1270 1797 1422 1856 aeterum

399 1915 456 1986 est,
474 1913 619 1974 mentem
637 1906 708 1972 Deo
725 1902 863 1996 dignam
880 1901 945 1972 riri
966 1900 1154 1995 prophetici
1183 1921 1240 1992 per
1263 1897 1423 1992 §pidum

400 2020 556 2088 Sanctum
573 2037 630 2086 sua
643 2015 788 2109 jussione
804 2014 978 2110 impressit,
1005 2023 1038 2112 et
1064 2025 1215 2086 sanctam
1243 2011 1422 2082 Jerusalem

400 2129 489 2202 velut
515 2129 727 2214 exstinctam,
755 2153 814 2226 per
840 2131 941 2207 verba
968 2129 1186 2224 praesignata,
1213 2139 1247 2200 et
1283 2127 1422 2198 nimium

400 2243 484 2337 proh
500 2244 611 2314 dolor!
629 2243 759 2326 iterata,
774 2244 919 2316 dellevit
993 2289 996 2297 -

477 2363 509 2426 2.
535 2359 601 2430 Nos
610 2377 738 2452 quoque
754 2360 906 2430 enmrlem
925 2357 972 2450 ll)
981 2349 1120 2428 ‘Patrem
1137 2365 1170 2428 et
1185 2357 1327 2440 Filium,
1336 2381 1424 2428 enm·

399 2472 478 2546 dem
495 2473 602 2544 Deum
619 2496 658 2542 ac
674 2471 856 2558 hominem,
875 2497 934 2554 nec
952 2495 1020 2558 non
1045 2473 1195 2544 eamdem
1226 2475 1366 2546 Matrem
1391 2481 1422 2540 et

400 2582 579 2679 Virginem
598 2585 793 2679 profitentes
812 2598 945 2680 propter
966 2609 1049 2682 quos
1074 2596 1107 2660 et
1132 2597 1269 2680 propter
1292 2609 1420 2681 qemun

397 2703 537 2774 salutern
555 2711 605 2772 tor
621 2702 661 2772 de
677 2699 814 2772 caritate
830 2699 1032 2795 interrogato
1050 2702 1098 2796 (5)
1114 2701 1242 2772 dictum
1258 2713 1347 2782 estt„
1362 2703 1421 2770 Pe·

399 2828 460 2900 tre,
479 2837 574 2912 pasce
589 2826 814 2888 sacrosantum
831 2815 919 2888 ovile
938 2817 986 2912 (ὓ)
1012 2805 1052 2900 ,,’;
1078 2819 1226 2890 Romam
1252 2817 1322 2908 [rui
1353 2827 1421 2910 post

400 2942 450 3004 tot
466 2927 710 3025 triumphorum
727 2954 880 3025 pompas.
906 2943 938 3004 et
964 2932 1067 3009 verbo
1091 2941 1124 3001 et
1148 2951 1261 3025 opeae,
1286 2931 1423 3004 Clrr‘ulu

399 3044 490 3115 orbis
507 3045 717 3117 oonllrmarit
733 3043 929 3138 imperium,
945 3067 1046 3139 mam
1063 3046 1164 3116 etiarn
1183 3045 1242 3116 ille
1258 3049 1369 3116 Petrus
1389 3055 1418 3112 st

399 3157 520 3230 Paulus
536 3158 685 3250 gentium
703 3158 918 3254 praedicator,
936 3159 972 3228 in
989 3159 1215 3253 apostolicam
1242 3161 1351 3230 melem
1373 3179 1419 3228 as-

399 3269 536 3366 pergine
554 3269 681 3368 proprii
696 3272 866 3366 sanguinis
894 3277 1161 3366 nonsummum),
1188 3275 1336 3346 Romam
1359 3271 1421 3362 lii·

397 3407 500 3478 quam
518 3407 606 3454 nunc
622 3408 700 3458 cum
717 3386 874 3466 Jeremia,
890 3408 956 3456 uon
979 3387 1124 3479 lugendo
1150 3398 1222 3479 post
1253 3389 1421 3464 veum

397 3500 452 3569 sed
471 3509 542 3592 post
560 3497 666 3591 ipsum
686 3501 732 3592 (8)
749 3497 904 3584 dolentes,
920 3499 1055 3571 viduam
1074 3509 1106 3571 et
1123 3502 1289 3570 desertam
1317 3501 1419 3594 lugere

400 3613 639 3709 compellimur,
658 3611 747 3708 piget
763 3613 827 3686 heu
853 3637 918 3684 non
933 3613 1063 3698 minus,
1088 3637 1189 3710 quam
1216 3613 1355 3708 plagam
1378 3611 1420 3681 la-

312 3795 315 3803 .
402 3729 618 3804 mantabilem
633 3751 766 3805 cernere
782 3729 978 3805 haeresium.

480 3957 510 4026 3.
528 3957 709 4052 lrnpietatis
726 3959 876 4045 lautores,
888 3957 1017 4046 ludaei,
1034 3959 1189 4034 Saraceni
1207 3967 1239 4030 et
1257 3951 1410 4054 gentes)
