2890 4978
415 407 514 460 nunna
538 409 659 462 rurrrus
869 395 942 462 173

55 507 162 582 rusina
176 507 347 605 quantitas,
359 513 445 607 quod
455 525 625 597 estunam,
643 514 678 586 in
694 512 815 609 impari
833 537 970 588 munero
994 539 1046 588 re-

56 625 125 694 dolet
138 626 239 719 magis
254 649 354 720 quam
372 627 408 698 in
433 630 516 722 pari,
532 640 564 700 et
588 629 851 724 simplicissimus·
872 632 971 715 oolor,
987 635 1044 728 qni

57 737 131 808 albu
146 751 198 822 est,
214 741 319 834 magis
337 740 373 812 in
389 741 508 812 citrino
523 767 624 838 quum
650 743 685 814 in
709 743 809 816 uiridi
833 746 965 818 redolet
982 750 1047 818 lta·-

57 873 106 944 qur
118 852 217 946 adepti
239 857 328 950 quod
352 857 600 950 quaerebamus,
615 856 755 930 dicimus
778 859 916 944 lllrutre,
933 859 1046 932 Cardi-

61 963 125 1047 nale,
139 965 300 1052 amicum,
318 979 350 1038 ot
366 969 498 1042 Curisle
514 971 663 1065 Vulgare
678 970 713 1042 in
724 971 829 1056 Latio,
837 973 924 1068 quod
941 975 1048 1045 omnis
1126 1045 1129 1057 ,
1287 1027 1292 1036 -

62 1077 149 1149 latiae
165 1079 307 1154 civitatis
323 1095 380 1166 est,
391 1093 423 1155 et
439 1084 560 1156 nullius
576 1107 644 1156 esse
660 1085 798 1169 ridetur,
809 1097 841 1159 et
855 1109 921 1182 quo
937 1087 1048 1158 mnni-

61 1191 127 1284 n'pia
147 1195 305 1292 vulgaria
329 1198 444 1272 omnia
467 1199 647 1272 latinorum
673 1213 910 1285 mensurantur,
929 1201 1050 1298 pondo·

62 1319 159 1394 rantur,
172 1322 204 1384 et
220 1325 462 1408 eomparuntur.

406 1603 550 1678 CAPUT
575 1603 681 1678 xvu.

96 1849 194 1908 wll!
218 1855 286 1906 troc
312 1855 434 1906 mrottn
460 1854 620 1906 ruosm
646 1857 810 1918 vocuwttt
836 1859 879 1908 BT
904 1857 1002 1908 ΙΑΒΙΤ

231 1966 435 2019 mmm
460 1969 503 2020 ll!
528 1969 605 2020 curto
631 1971 850 2022 Prsrotuttttsu.

102 2221 325 2306 domantem
341 2225 403 2298 hoo
419 2227 507 2326 quod
525 2239 691 2322 repertum
716 2237 764 2299 est
788 2228 926 2311 sslunre,
942 2225 1057 2298 Garuli-

69 2335 130 2418 mle,
150 2337 315 2424 Amicum,
339 2352 373 2414 et
397 2342 529 2414 Curiule
553 2343 753 2440 adjicientes,
777 2363 945 2423 nocemus,
970 2363 1057 2411 nune

70 2447 276 2547 disponendum
294 2471 352 2542 est,
370 2481 428 2553 per
451 2459 543 2555 quod
569 2459 688 2531 clarius
713 2458 819 2554 ipsum
846 2459 932 2552 quod
949 2457 1057 2551 ipsum

70 2575 102 2634 ut
115 2569 240 2644 iacimus
257 2584 378 2668 patere.
386 2574 537 2646 Primum
555 2573 656 2668 igitur
671 2572 750 2668 quid
761 2571 969 2654 intendimus,
980 2591 1056 2641 cunr

72 2677 168 2756 illustre
182 2688 367 2784 adjicimus,
382 2699 415 2760 et
431 2711 533 2784 quarn
549 2690 676 2762 lllustre
692 2687 842 2770 dicimus
852 2687 1059 2757 denudemus

72 2791 115 2862 Per
127 2793 182 2868 loe
196 2801 356 2896 quidquid
374 2801 498 2876 illustre
513 2802 653 2876 dicimus
678 2811 711 2874 et
735 2799 948 2894 intelligimus
971 2801 1059 2894 quod

72 2901 239 2998 ffllmlnum,
255 2929 290 2990 et
307 2915 530 2990 illuminatum
547 2917 738 3011 praefulget
756 2917 800 2986 Et
813 2913 876 2985 hoc
893 2915 991 2986 modo
1007 2913 1060 2985 vi-

72 3031 315 3123 msappellnmus
341 3033 490 3114 illustres.
507 3033 561 3106 uel
585 3032 665 3128 quin
689 3040 846 3125 potestate
871 3029 1059 3112 illuminati,

73 3133 133 3208 dios
152 3153 181 3212 et
199 3145 340 3240 justitia,
356 3156 389 3220 et
414 3145 549 3222 caritate
573 3145 772 3229 illuminant,
788 3147 843 3218 uel
857 3143 937 3239 quia
953 3145 1061 3216 maul-

73 3243 149 3322 uus
163 3258 344 3352 unguas
359 3261 554 3334 exeruntur
577 3243 783 3354 magonem.
807 3271 843 3330 ut
868 3261 1000 3339 Senem
1025 3269 1059 3328 et

75 3357 158 3436 durna
166 3373 351 3467 Pompilius
361 3375 569 3472 Etllulgare,
586 3376 627 3446 de
640 3396 708 3470 quo
722 3372 899 3468 loquimur,
909 3383 941 3444 et
957 3369 1060 3444 subli-

75 3489 174 3554 mium
189 3498 234 3558 est
250 3489 454 3582 magistratu,
469 3499 503 3561 et
518 3499 683 3584 potestate,
693 3500 726 3559 et
741 3509 816 3560 suos
825 3485 1061 3560 honoresubli-

76 3605 134 3674 Νι,
146 3608 177 3670 et
190 3603 304 3696 gloria.
321 3605 514 3698 llagistratu
528 3605 660 3700 quidem
686 3603 900 3674 sublimatum
922 3601 1059 3682 ridetur,

76 3723 132 3778 mm
146 3713 182 3786 de
197 3729 243 3790 tot
259 3720 395 3790 rudibus
409 3720 602 3792 Latinorum
620 3718 798 3799 vocubulis,
813 3718 854 3789 de
870 3727 917 3788 tot
933 3715 1061 3812 perple-

76 3819 115 3890 ¹lt
135 3833 415 3920 mntmrtionihus,
440 3835 481 3910 de
498 3844 546 3908 tot
561 3834 728 3908 defectivis
745 3831 997 3928 prolationibus,
1019 3833 1060 3906 de
1182 3903 1186 3918 ,

75 3943 111 4007 ¹⁰¹
124 3947 284 4034 usinum
298 3949 501 4034 acuentibus,
524 3962 593 4025 tam
620 3947 807 4044 egregium,
829 3957 898 4022 tam
923 3945 1063 4024 extrica·
