2978 4984
489 407 562 474 672
764 418 809 472 nn
835 415 1035 474 nonantula
1287 451 1293 464 .

388 530 512 604 ciuium
530 525 704 614 Ecclesiae,
722 525 781 602 illa
805 553 890 624 quae
905 530 947 600 dc
963 526 1110 622 Imperio
1127 526 1305 622 deputarit
1324 525 1362 610 ei,
1375 525 1414 600 tic

382 647 458 742 jure
474 646 631 740 deputare
647 665 713 714 uon
732 643 905 738 pomineta
922 653 955 716 et
980 642 1027 714 nic
1052 641 1212 726 Ecclesia,
1229 641 1293 714 ulla
1320 643 1411 714 eona

387 762 477 832 tione
502 769 647 833 uteretur
671 759 807 856 injusta:
824 761 1006 831 numilem
1029 756 1111 829 velit
1135 757 1331 830 oblanoaee
1355 781 1415 828 ene

389 877 626 960 immaculatae,
643 877 741 971 juxta
766 875 847 946 illud
874 873 1031 946 levitici:
1049 873 1164 944 Omnia
1188 873 1322 955 oblatio,
1346 893 1417 964 puae

388 992 521 1090 offertur
529 992 679 1073 Domino,
695 991 806 1082 mcum
820 990 971 1083 summoto
984 989 1049 1080 fiet.
1057 987 1153 1076 Quod
1170 983 1310 1081 quidem
1328 1011 1416 1082 prae·

387 1117 529 1201 ceptum,
538 1106 615 1177 licet
632 1105 673 1176 ml
689 1101 862 1176 offerentes
877 1103 997 1175 facicm
1015 1101 1137 1174 habere
1155 1100 1321 1182 videatur,
1331 1099 1412 1169 uilri-

327 1295 333 1306 ,
388 1219 532 1292 lominus
541 1231 588 1292 eet
597 1243 656 1314 pcr
672 1241 871 1314 consequeus
886 1218 927 1290 ad
946 1215 1148 1311 recipientem
1166 1215 1315 1288 Stultum
1329 1213 1411 1285 euim

390 1345 437 1404 ent
454 1334 593 1414 medere.
619 1335 727 1403 Deum
744 1304 830 1404 uelle
846 1331 959 1426 recipi,
975 1331 1064 1428 quod
1081 1327 1237 1426 prolribet
1253 1327 1413 1404 exlrr'lceri:

393 1471 469 1520 cum
487 1445 589 1519 ctiam
607 1446 642 1516 iu
658 1447 773 1518 eodem
790 1445 1013 1542 praecipiatur
1035 1443 1177 1517 Levitis:
1193 1442 1299 1514 Nolite
1314 1457 1413 1514 contn-

390 1562 515 1632 minnre
531 1561 656 1632 nnimnn
671 1575 799 1644 vestrm,
815 1567 870 1631 itte
888 1562 1024 1654 tnnpntit
1048 1560 1217 1652 pciopnom
1240 1581 1360 1638 eorum,
1378 1581 1413 1626 nc

390 1677 550 1748 immundi
565 1676 643 1746 aitis.
659 1673 723 1748 Sed
740 1673 849 1747 dicere
865 1675 953 1773 quod
971 1675 1119 1748 Ecclesia
1133 1675 1289 1747 abutatur
1310 1671 1413 1767 patri-

392 1788 506 1860 monio
529 1787 593 1860 eibi
618 1790 781 1883 deputato,
806 1801 855 1862 cot
879 1789 975 1862 raldo
1000 1787 1239 1862 inconvenieus
1253 1809 1329 1881 ergo
1343 1785 1410 1858 ml-

391 1927 463 1977 nnm
481 1917 551 1976 erat
569 1905 660 1990 illud,
677 1927 718 1976 ex
733 1927 798 2000 quo
814 1906 1019 2000 sequebatur.

468 2373 631 2472 Amplius,
646 2375 675 2449 ni
692 2376 839 2449 Ecclesia
856 2377 1011 2451 virtutem
1029 2375 1165 2450 haberet
1191 2373 1406 2448 authorirantli

394 2493 583 2563 Romanurn
601 2491 796 2586 principem,
813 2501 868 2565 aut
884 2491 1021 2564 haberet
1037 2515 1058 2564 a
1075 2493 1156 2576 Deo,
1173 2501 1232 2563 aut
1257 2512 1277 2560 a
1300 2513 1339 2570 ee,
1355 2495 1407 2558 aut

394 2606 438 2677 ab
456 2607 656 2700 Imperatore
682 2605 803 2702 aliquo,
820 2616 878 2678 aut
903 2605 946 2678 ab
972 2606 1124 2679 universo
1149 2604 1333 2678 mortalium
1357 2625 1405 2672 as-

394 2743 500 2804 censu.
516 2722 569 2796 tel
586 2723 703 2794 saltem
719 2744 761 2792 ex
778 2721 844 2794 illin
861 2721 1133 2817 praevalentium.
1153 2717 1255 2794 Nulla
1279 2731 1319 2792 en
1342 2715 1405 2788 alia

394 2834 525 2920 rimula,
543 2857 718 2932 perquam
736 2834 840 2908 virtus
856 2831 938 2909 haec
954 2837 994 2908 ad
1006 2835 1190 2907 Ecclesiam
1207 2859 1337 2907 manare
1354 2853 1406 2926 po·

396 2947 515 3020 tuimet
533 2949 596 3022 Sed
613 2972 634 3020 a
651 2949 741 3022 nullo
759 2947 898 3022 ictorum
915 2947 1031 3022 habet:
1048 2952 1138 3044 Ergo
1154 2949 1309 3022 virtutem
1325 2971 1408 3042 prae

395 3059 518 3131 dictam
536 3083 602 3132 nou
618 3057 727 3135 habet
742 3065 839 3151 Quotl
857 3076 967 3136 autem
986 3063 1114 3136 anullo
1131 3063 1271 3136 istorum
1288 3063 1402 3138 habeti.

395 3173 443 3245 sic
459 3187 603 3269 apparet
613 3177 701 3250 Nam
717 3177 745 3250 ni
763 3201 784 3249 a
800 3173 871 3250 D'eo
888 3177 1069 3274 recepisset,
1079 3175 1141 3248 hoc
1160 3177 1273 3249 iuiaoct
1289 3189 1342 3249 aut
1357 3197 1406 3268 prr

397 3289 505 3385 legem
521 3289 684 3376 divinam,
701 3303 758 3365 ant
775 3317 833 3388 per
849 3293 1053 3373 naturalem
1067 3293 1147 3388 quia
1162 3291 1251 3388 quod
1269 3301 1407 3363 anatum

395 3404 554 3499 recipitur
570 3409 671 3478 aDeo
681 3406 847 3502 recipitur,
856 3431 922 3479 nou
933 3417 1044 3480 tamen
1055 3405 1335 3480 conventuasm
1350 3423 1405 3474 uou

396 3547 454 3617 per
471 3523 670 3595 naturalem:
687 3522 766 3620 quia
784 3535 901 3596 natura
918 3522 1060 3618 imponit
1075 3523 1196 3618 legem,
1213 3522 1277 3593 nini
1293 3518 1354 3594 aris
1368 3515 1406 3590 el

396 3635 550 3707 lectihau:
565 3659 642 3708 cum
659 3639 747 3709 Deus
765 3636 960 3712 insufficiens
975 3661 1043 3710 ense
1061 3659 1127 3708 oon
1145 3635 1257 3732 possit.
1273 3633 1329 3708 ubi
1344 3632 1403 3704 u'ne

395 3749 543 3822 secundia
553 3749 724 3846 agentibus
734 3750 824 3824 aliud
836 3752 870 3822 in
881 3776 948 3824 esec
958 3751 1117 3850 producit
1124 3751 1219 3825 Unde
1229 3747 1405 3822 cumEotlc·

396 3865 446 3936 sia
474 3863 607 3934 nonsit
634 3863 765 3939 effectus
792 3877 948 3949 naturae,
974 3867 1029 3938 ned
1050 3865 1112 3936 Dei
1139 3863 1292 3940 clia-eutis:
1316 3863 1401 3948 saper

396 3981 477 4053 loru
491 3989 615 4074 petram
631 3981 804 4076 mclifionlc
820 3981 992 4055 Ecclesiam
1010 4004 1120 4054 mmm
1147 3981 1189 4054 Et
1215 3980 1312 4054 alibi:
1325 3975 1397 4066 opat
