3034 4986
452 415 529 486 762
770 429 952 480 nmsronan

353 542 455 638 pium,
471 549 579 612 vestm
592 537 678 633 juste
694 545 844 608 consetur
868 533 1109 606 accumtissime
1126 535 1238 609 colere
1255 538 1366 634 ipsu

350 677 452 752 quum
469 653 511 726 sit
526 652 621 725 vobis
638 649 837 746 principum
862 648 963 743 ipsius
986 672 1116 746 quoque
1140 675 1212 726 ease
1231 655 1318 746 (47).
1333 659 1367 727 n

349 772 379 846 si
396 779 538 842 caeteros
554 768 652 840 ltalos
668 766 703 836 io
720 787 872 861 praecem
889 765 1021 837 miseric
1037 767 1150 836 dolore
1170 769 1319 838 coniecit
1340 782 1366 840 et

352 885 471 958 rubore
486 881 647 964 mannaim
664 879 920 953 erubescendum
936 879 1031 951 vobis
1045 881 1369 978 dolendumqnelltl

350 998 423 1094 queis
437 995 573 1076 dubitet,
588 995 644 1090 qui
662 1017 759 1066 cansa
775 995 847 1088 llll)
865 993 1017 1065 insolitae
1032 994 1082 1067 sni
1106 997 1162 1066 vel
1189 996 1275 1066 solis
1299 999 1368 1070 ccli-

350 1135 443 1208 pseos
460 1111 535 1204 (50)
551 1109 679 1181 fuistis?
695 1112 749 1192 'Tu
766 1131 845 1201 prae
862 1107 1016 1180 omnibus
1031 1113 1115 1184 ursa
1132 1111 1220 1206 (51),
1249 1135 1295 1183 ne
1321 1114 1367 1184 ‹lc-

351 1225 486 1322 gratiati
503 1225 646 1318 collegae
664 1222 736 1316 (52)
747 1231 881 1317 propter
897 1232 928 1292 ta
946 1223 1019 1316 (53)
1036 1236 1251 1294 remanerent
1269 1225 1367 1321 inglo-

351 1340 412 1419 riia
428 1348 462 1410 et
477 1336 538 1420 illi,
555 1347 591 1408 ut
617 1335 790 1408 militantis
816 1335 980 1408 Ecclesiae
1004 1338 1195 1408 veneranda
1222 1338 1369 1433 insignia,

351 1454 561 1550 quaelcrsan
578 1473 642 1522 nou
660 1450 790 1523 emeriti
808 1451 880 1543 (54)
897 1451 952 1522 sed
970 1450 1143 1532 immeriti,
1166 1453 1275 1522 coemi
1303 1455 1369 1546 (56)

352 1577 550 1660 posuerant,
584 1564 762 1658 Apostolici
798 1563 950 1635 culminis
991 1565 1183 1636 auctoritate
1224 1589 1370 1639 remma-

353 1691 426 1754 rent
435 1681 573 1776 (sollu
581 1701 710 1776 quoque
720 1680 985 1752 Transtiberinae
993 1689 1133 1752 sectator
1142 1681 1363 1774 (ιαὶοιιὶεβη

352 1797 484 1869 alterins
499 1795 581 1890 (58),
597 1806 633 1866 ut
647 1795 698 1866 ira
713 1795 857 1867 defuncti
874 1795 1036 1868 Antistitis
1053 1795 1089 1864 in
1105 1807 1140 1868 te
1154 1795 1237 1868 relat
1251 1821 1360 1868 mmm

312 1933 317 1946 ·
352 1910 513 1982 insitionis
529 1909 564 1980 in
581 1919 695 1981 manco
720 1929 786 1978 non
810 1929 868 1979 sno
892 1907 1118 1990 frondesceret,
1143 1909 1235 2004 qnasi
1249 1909 1360 1980 trium-

353 2023 489 2119 phatam
513 2023 745 2118 Carthaginem
771 2023 916 2094 nondum
940 2045 1083 2104 exueras,
1109 2021 1286 2093 illustrium
1300 2023 1364 2094 Su'·

353 2136 492 2231 pionnm
517 2137 642 2230 patriae
667 2135 799 2230 potuisti
824 2135 910 2207 hunc
935 2135 1084 2210 animum
1117 2135 1190 2208 sino
1226 2137 1298 2210 ulla
1325 2135 1371 2209 tui

352 2251 471 2346 judieii
489 2251 746 2324 contradictione
761 2251 934 2345 praeferre.

434 2604 490 2669 11.
506 2597 744 2670 Emendabitnr
758 2598 892 2694 qmdem
909 2597 1124 2696 (quemqnam
1149 2621 1222 2670 non
1239 2601 1281 2672 sit
1293 2599 1367 2694 quin

354 2722 434 2787 nota
448 2714 646 2810 cicatrixque
663 2715 734 2809 (59)
752 2714 884 2786 infamis
900 2715 1123 2808 Apostolicam
1140 2717 1264 2787 Mem
1287 2737 1368 2784 osse·

353 2827 398 2899 rit
414 2828 486 2922 (60)
505 2830 546 2900 atl
563 2828 684 2921 ignem,
701 2839 733 2900 et
751 2827 805 2898 cni
822 2827 905 2900 coeli
924 2827 995 2922 (61)
1013 2838 1046 2899 et
1061 2843 1149 2900 terra
1167 2840 1249 2900 sunt
1272 2853 1371 2898 ruer·

354 2942 655 3035 rati,deturpetl,si
673 2945 844 3014 unanimes
860 2942 1055 3036 omnesqui
1071 2941 1264 3035 hujusmodi
1282 2963 1372 3012 exor-

355 3052 523 3125 bitationis
538 3054 643 3125 inistis
660 3067 817 3138 auctores,
834 3077 895 3148 pro
912 3059 1037 3148 Sponsa
1052 3055 1186 3136 Christi,
1205 3077 1268 3148 pro
1291 3055 1368 3126 Sede

355 3171 510 3261 Sponsae,
527 3191 610 3262 quae
627 3173 808 3254 Romaest,
826 3171 997 3264 pro'ltalia
1014 3181 1178 3248 nostrast
1195 3181 1231 3242 nt
1247 3169 1368 3263 pleni·

355 3283 474 3364 dicam,
492 3305 552 3376 pro
568 3291 637 3356 tota
651 3285 785 3356 civitate
810 3285 1089 3379 peregrinantium
1115 3283 1189 3376 (62)
1211 3284 1249 3354 in
1268 3283 1371 3362 turis,

291 3465 302 3500 s
355 3399 496 3472 viriliter
513 3399 736 3493 propugnatio,
751 3409 788 3471 nt
803 3400 844 3471 de
860 3401 1021 3494 palaestra
1034 3400 1106 3494 jam
1133 3400 1246 3494 coepti
1272 3409 1374 3472 certa-

355 3513 455 3585 minis
489 3513 631 3609 nndique
656 3514 699 3586 ab
723 3516 848 3586 Oceam
875 3513 1024 3609 margine
1051 3515 1295 3608 circumspecta
1319 3537 1373 3586 ro·

355 3627 525 3722 ametipscs
541 3651 615 3700 cum
632 3629 739 3722 gloria
754 3627 933 3710 offerentes,
950 3628 1063 3701 audire
1079 3629 1209 3722 possitis
1225 3681 1246 3710 „
1264 3627 1374 3699 Gloria

357 3739 393 3810 ln
408 3741 541 3812 excelsis
556 3766 593 3824 „a
609 3752 643 3814 et
658 3751 694 3814 ut
703 3744 891 3814 Vasconum
907 3739 1197 3836 opprobriumqui
1216 3750 1289 3812 tam
1305 3741 1371 3811 clim

358 3853 510 3948 cupidine
535 3857 773 3951 conflagrantes
798 3858 891 3952 (63),
916 3855 1108 3929 latinorum
1132 3856 1280 3950 gloriam
1311 3849 1367 3924 atu·

355 3993 510 4064 usurpare
526 3975 733 4054 contendunt,
750 3997 809 4067 pet
824 3973 953 4051 mecm
969 3983 1086 4046 cuncta
1110 3973 1220 4046 intua
1244 3971 1287 4044 sit
1309 3987 1359 4063 po·

357 4084 449 4158 steria
465 4084 500 4156 in
517 4085 717 4182 exemplum
