2914 4982
345 383 352 391 ³
468 307 543 376 butt
736 319 780 373 nu
807 317 1005 373 rosnacum
1091 333 1093 336 ·

366 433 436 528 ipsa
453 431 614 526 exigebat,
631 427 671 502 de
689 429 822 524 proprio
839 427 997 521 sanguine
1015 428 1188 502 moriendo
1213 429 1377 524 suppleri.

367 549 463 624 Unde
478 549 634 621 Psalmus:
650 545 761 618 Iustus
775 545 933 616 Dominus
943 541 1086 636 justitiae
1100 545 1224 618 dilexit
1243 549 1318 618 blot
1333 569 1381 616 au·

365 675 433 735 tem
450 665 496 746 fit,
513 683 589 735 cum
605 661 645 734 de
661 661 767 733 libem
791 681 922 732 assemu
946 658 1102 754 partium,
1128 681 1197 730 non
1222 657 1315 740 odio,
1337 657 1383 728 sed

365 800 478 850 amore
490 778 647 873 justitiae,
663 799 722 872 per
743 775 866 848 virium
891 786 961 847 tam
987 774 1091 847 animi
1116 798 1219 870 quamn
1248 773 1385 868 eorporis

365 905 514 966 mutuam
524 891 738 975 collisionem,
748 889 899 962 divinum
905 889 1068 986 judicium
1079 890 1276 984 postulatur.
1286 892 1385 975 Quam

365 1008 498 1103 quadem
516 1006 729 1089 collisionem,
745 1003 822 1101 quia
839 1003 990 1098 primitus
1013 1005 1109 1076 unius
1134 1003 1176 1076 ad
1202 1025 1310 1074 unum
1333 1001 1384 1072 init

365 1123 436 1215 ipsa
455 1123 597 1203 inventa,
623 1119 767 1192 duellum
792 1119 1003 1213 appellamus.
1028 1119 1093 1192 Sed
1116 1141 1250 1211 semper
1275 1139 1386 1188 caven

365 1238 445 1308 dum
478 1247 536 1320 est
569 1249 605 1308 ut
636 1234 913 1331 quemadmodum
946 1232 981 1303 in
1007 1234 1104 1305 rebus
1128 1232 1277 1316 bellicis,
1304 1231 1386 1325 prim

365 1350 480 1422 omnia
495 1351 651 1422 tentama
667 1358 741 1420 sunt
766 1371 825 1443 per
848 1347 1116 1442 disceptationem
1141 1347 1331 1441 quamdam,
1355 1351 1385 1414 et

364 1467 519 1539 ultimum
545 1490 604 1561 per
629 1464 790 1559 praelium
815 1463 1041 1534 dimicandum
1066 1471 1122 1533 aab
1148 1471 1184 1532 nt
1209 1459 1328 1532 Tullius
1352 1469 1385 1526 et

366 1581 521 1675 vegetius
539 1577 742 1652 concorditer
759 1577 974 1672 praecipiunt,
990 1577 1046 1648 bic
1061 1575 1098 1647 in
1116 1597 1153 1647 re
1169 1572 1304 1653 militari,
1321 1571 1380 1641 ille

366 1697 497 1768 veroin
516 1695 639 1768 ollimis
665 1697 708 1766 Et
732 1693 1009 1788 quemadmodum
1035 1691 1070 1762 in
1096 1713 1175 1764 uara
1197 1685 1372 1762 medicinali

365 1819 441 1881 ante
458 1811 581 1881 ferrum
599 1819 632 1880 et
649 1808 761 1900 ignem
778 1807 892 1879 omnia
909 1807 1105 1902 experienda
1121 1802 1371 1888 mntetadbaec

366 1923 484 1994 tdtimo
501 1923 742 2003 recurrendum3
759 1920 806 1992 sic
822 1922 977 1993 omnibus
993 1921 1056 1992 viis
1073 1922 1163 2016 prius
1188 1915 1373 2012 investigatis

368 2034 568 2129 prejudicio
585 2023 626 2104 de
642 2035 701 2104 lite
717 2034 878 2132 babendo,
896 2034 1016 2107 adhoc
1033 2035 1216 2107 remedium
1238 2032 1378 2105 ultimum

367 2151 510 2242 quadam
531 2149 679 2244 justitiae
704 2149 906 2221 necessitate
926 2149 1031 2220 coacti
1064 2171 1284 2222 recurramus.
1314 2149 1379 2217 Dim

368 2263 471 2357 igitur
486 2257 639 2342 formalia
656 2262 757 2335 duelli
774 2275 942 2357 apparente
966 2287 1080 2346 uuum,
1106 2263 1170 2334 hoc
1193 2263 1281 2359 quod
1304 2279 1379 2330 nune

368 2379 492 2449 dictum
510 2391 568 2450 est:
583 2378 683 2460 aliud,
699 2378 784 2472 quod
801 2378 949 2472 superius
971 2380 1180 2474 tangebatur:
1202 2379 1327 2458 scilicet,
1347 2381 1377 2442 nt

368 2515 435 2564 uon
452 2493 539 2577 odio,
555 2514 622 2564 non
639 2515 762 2574 amore,
779 2495 834 2564 sed
851 2493 921 2565 solo
934 2494 1080 2590 justitiae
1096 2495 1177 2577 zelo,
1193 2495 1236 2566 de
1246 2511 1375 2565 mmmc-

369 2605 404 2676 ni
431 2629 560 2679 aaeeusu
586 2605 754 2702 agonistae
778 2627 834 2679 seu
858 2609 1038 2680 duelliones
1063 2609 1262 2703 palaestram
1285 2608 1377 2700 ingre·

368 2721 507 2794 diantur.
524 2725 566 2793 Et
583 2733 715 2816 propter
730 2721 793 2792 hoc
810 2723 893 2796 bene
912 2723 1046 2804 Tullius,
1063 2746 1139 2794 cum
1155 2725 1196 2794 de
1212 2723 1276 2794 hac
1290 2731 1376 2793 mats-

369 2835 420 2905 ria
437 2847 595 2928 tangeret
614 2835 781 2931 inquiebat
797 2837 897 2908 enim:
914 2839 977 2908 Sed
987 2838 1376 2932 bellu,puibtulmperiico·

368 2971 450 3020 cona
461 2952 625 3041 proposita
640 2965 694 3035 eet,
709 2953 815 3024 minua
831 2954 938 3022 acerbe
946 2953 1081 3044 pcreodu
1095 2967 1177 3023 sunt.
1187 2949 1373 3040 Quodsiior-

369 3064 473 3136 malin
498 3064 597 3136 duelli
623 3067 783 3138 servanda
808 3075 891 3147 eant,
917 3067 1035 3158 (aliter
1059 3067 1147 3137 enim
1165 3068 1308 3140 ducllum
1321 3083 1373 3132 non

368 3182 462 3273 esset)
468 3178 615 3273 justitiae
626 3179 813 3252 necessitate
822 3181 863 3250 de
880 3180 1048 3252 communi
1065 3203 1195 3253 assensu
1205 3171 1374 3275 congregali

369 3305 503 3387 propter
518 3295 624 3366 zelum
637 3293 795 3388 justitiae,
814 3317 923 3366 nonne
949 3294 984 3364 in
1009 3295 1143 3366 nomine
1168 3296 1233 3368 Dei
1258 3313 1375 3384 <sistuntb

369 3409 438 3500 gaii
455 3413 555 3478 sunt?
572 3407 658 3478 Etsi
675 3407 731 3489 sic,
750 3431 858 3480 nonne
875 3413 962 3482 Deus
978 3409 1013 3478 in
1031 3409 1140 3482 medio
1163 3409 1295 3480 allorum
1317 3405 1376 3475 est?

369 3545 445 3592 cum
465 3521 585 3614 ipsein
604 3522 788 3614 Evangelio
804 3522 899 3593 nobis
916 3521 977 3591 boc
995 3523 1173 3615 promittat
1191 3525 1236 3593 Et
1257 3523 1282 3593 si
1306 3521 1374 3589 licta

370 3636 470 3714 adest,
490 3658 598 3708 nonne
624 3637 715 3707 nelas
739 3647 795 3716 est,
822 3635 973 3708 babendo
995 3637 1158 3732 justitiam
1183 3635 1371 3710 succumbere

327 3855 330 3864 Ι
370 3755 486 3844 posse?
503 3773 603 3844 quam
622 3751 689 3843 ipse
708 3751 742 3820 in
767 3763 894 3823 tautum
921 3752 1039 3844 diligit,
1064 3765 1223 3848 quantum
1248 3745 1367 3846 superi!

370 3873 589 3958 praenotatur.
607 3864 693 3936 Etsi
714 3865 842 3962 justitia
868 3867 902 3940 in
930 3866 1017 3939 bello
1040 3867 1249 3972 mccumbepe
1274 3856 1368 3959 aaut
