2890 4978
526 447 598 514 t'tb
737 457 781 512 ns
806 461 954 513 rursum
979 459 1122 523 auocare

423 569 610 667 opinantur,
626 568 683 664 spii
701 568 919 640 bononienses
935 581 1080 641 asserunt
1096 569 1248 664 pulcriori
1269 572 1399 646 loeudone

423 683 599 780 loquentes,
616 687 694 756 cuni
718 685 761 756 ab
776 685 1003 765 imolensibus,
1021 685 1285 770 Ferrariensibus
1299 701 1326 760 et
1344 693 1398 760 llar-

425 799 606 870 tineusibus
622 799 905 872 circumstantibus
924 799 1047 896 aliquid
1073 799 1205 894 proprio
1229 803 1339 896 vulgari
1358 807 1398 874 rd-

423 913 573 996 sciscuut,
589 914 672 985 sicru
689 916 795 985 lacere
811 913 1010 1008 quoslibeta
1034 913 1183 985 finitimis
1206 914 1268 986 suis
1289 919 1397 986 murici-

424 1047 508 1110 msu,
530 1037 566 1099 ut
591 1028 756 1100 Sordellns
779 1030 820 1100 de
846 1030 981 1098 Mantua
1005 1049 1065 1098 sua
1089 1029 1234 1110 ostendit,
1249 1029 1397 1103 Cremonae

425 1139 682 1237 misissetque
699 1144 851 1214 Veronae
869 1139 999 1212 confini:
1023 1141 1082 1236 qui
1107 1153 1214 1212 tantm
1236 1141 1397 1235 eloquentiae

426 1251 480 1322 vir
495 1254 633 1326 existens
649 1259 715 1325 uo'u
739 1255 845 1326 solum
872 1254 906 1324 in
932 1255 1104 1348 poetando,
1121 1255 1175 1325 sed
1199 1253 1396 1350 quomodolibet

426 1362 593 1458 loquendo
609 1368 760 1460 patrium
786 1369 932 1463 Vulgare
964 1369 1114 1440 descruit
1139 1369 1303 1462 Accipiunt
1327 1367 1395 1438 dian

426 1481 566 1572 praeisti
590 1481 679 1554 cives
703 1483 746 1555 ab
771 1483 986 1555 imolensibus
1008 1485 1189 1565 leuitatem,
1214 1495 1300 1578 atque
1320 1479 1396 1550 neli-

426 1595 521 1676 tiam,
536 1619 556 1668 a
574 1599 836 1670 Ferraricnsibus
846 1621 941 1681 vvero,
958 1608 991 1669 et
1006 1597 1242 1671 Mutinensibus
1264 1596 1395 1690 aliquden

428 1711 666 1802 garrulitatem,
683 1735 769 1808 quae
787 1713 920 1807 propria
938 1713 1201 1784 Lenibus-dorum
1217 1721 1268 1780 est
1282 1711 1354 1780 lianc
1369 1729 1394 1773 er

429 1825 623 1930 comistionc
638 1829 839 1899 advcmrum
863 1827 1158 1922 Langobardorum
1183 1822 1332 1917 terrigenis
1350 1843 1396 1886 uc

428 1937 537 2012 dimus
552 1941 756 2023 remansisse
772 1952 805 2013 et
829 1942 911 2014 baec
937 1954 984 2014 est
1009 1967 1118 2025 cansa,
1134 1966 1233 2039 quare
1256 1935 1396 2010 Ferrarien

429 2055 526 2138 sium,
544 2055 789 2138 mutinensium,
807 2058 860 2128 vel
875 2057 1102 2153 Regiannmm
1121 2057 1244 2128 nullum
1259 2047 1396 2122 invenuu

430 2173 680 2262 poetasse-Nam
698 2170 851 2264 propriae
859 2171 1046 2265 garrulitati
1056 2167 1224 2242 assuefacti
1240 2163 1316 2236 nullo
1329 2155 1396 2230 undo

430 2296 563 2377 possm
588 2287 628 2356 ad
656 2286 803 2378 Vulgare
828 2285 994 2366 Aulicum,
1011 2286 1082 2356 siue
1107 2285 1243 2381 quedem
1265 2271 1396 2349 acerbitate

431 2399 764 2494 veniretquodmulto
781 2400 888 2494 magis
903 2391 1183 2472 deParmensibus
1198 2405 1241 2468 est
1255 2387 1398 2488 piundum

431 2514 488 2608 qui
505 2527 613 2584 meato
632 2537 692 2609 pro
707 2517 806 2584 molto
820 2515 941 2586 dicunt
960 2515 994 2588 Si
1012 2539 1092 2609 ergo
1109 2511 1302 2587 somnone
1321 2495 1400 2570 ⁰⁰4⁰·

432 2651 497 2723 que
514 2628 689 2722 accipiunt,
712 2641 748 2701 ut
772 2629 897 2700 dictum
922 2642 979 2710 est,
1004 2629 1200 2702 rationabile
1222 2621 1324 2692 vllem*
1341 2629 1400 2682 θ’

432 2745 519 2838 quod
535 2751 650 2822 eour'm
675 2744 799 2818 locutio
824 2768 883 2840 per
907 2745 1134 2817 comistionem
1158 2729 1400 2837 oppositurum

433 2856 558 2929 dictum
575 2867 632 2940 est,
649 2858 691 2930 ad
706 2859 908 2932 laudabilem
921 2859 1121 2931 suammtem
1139 2857 1290 2929 remaneat
1308 2853 1399 2926 ubl*

434 2957 515 3044 rata:
531 2973 619 3066 quod
636 2973 752 3065 procul
767 2973 990 3046 dubionostro
1002 2973 1131 3068 judicio
1141 2965 1397 3070 sumerset?

436 3085 481 3157 ita
497 3087 523 3156 si
542 3101 776 3180 praeponentes
792 3111 847 3158 eos
866 3088 900 3157 in
914 3088 1048 3182 vulgari
1073 3107 1228 3162 sermone,
1244 3074 1302 3146 ⁸⁰¹³
1321 3081 1399 3136 mul*

317 3233 321 3248 ·
434 3201 556 3296 cipalis
590 3202 784 3274 Latinorum
810 3203 971 3296 vulgaria
996 3199 1214 3298 comparando
1237 3181 1399 3302 comideunt

436 3304 652 3388 allubescente
684 3319 919 3390 concordamus
937 3341 1012 3388 cum
1030 3319 1107 3399 iltis
1124 3318 1150 3390 si
1168 3332 1241 3386 vero
1255 3293 1399 3422 simlll‘w

435 3433 637 3504 bononiense
654 3433 903 3526 praeterendum
920 3433 1088 3514 extimant,
1098 3425 1302 3506 dissentientes
1314 3409 1398 3478 usar

437 3547 554 3620 damus
571 3548 614 3618 ab
632 3547 688 3617 eis:
706 3569 772 3618 uon
789 3545 911 3617 etenim
929 3546 1078 3642 estquod
1097 3543 1255 3617 autenm,
1271 3535 1297 3598 0¹
1311 3517 1398 3592 muln

436 3683 602 3742 vocamuss
617 3663 820 3760 quoniamsi
838 3661 958 3745 luisset,
975 3662 1141 3734 Maximus
1164 3648 1262 3729 Guido
1281 3617 1398 3760 tenid·

438 3774 473 3854 li,
490 3775 596 3846 Guido
612 3775 819 3860 Ghiselerius,
830 3775 1009 3860 Fabricius,
1027 3787 1059 3846 ct
1076 3767 1276 3847 Honestuset
1290 3749 1335 3822 ³15¹
1349 3755 1399 3830 ΡΨ

438 3897 544 3962 tantas
559 3889 736 3970 bononiae,
754 3911 921 3984 nunquam
939 3913 960 3962 a
977 3879 1293 3984 primodivertisseut
1305 3845 1400 3964 quide

436 4011 542 4076 olore
558 4003 688 4078 luerunt
705 3998 1106 4098 illustieaetvulgarium
1123 3987 1298 4074 discretione
1311 3959 1398 4058 “lm
