2890 4978
416 417 516 470 unns
540 391 711 474 mensnos'
887 395 962 476 tet
1032 378 1033 388 ἵ

47 473 183 616 rognitio
207 523 400 619 praeoedere
424 524 521 596 debet
545 527 787 620 operationem,
811 525 903 602 volnt
928 531 1061 625 signum

47 651 109 708 ante
126 639 362 712 admissionem
377 639 526 736 sagittae,
542 642 596 716 vel
607 641 723 738 janni,
748 643 857 736 primo
882 655 915 718 et
938 649 1063 741 prinoi-

48 753 154 843 peliter
178 753 256 848 qnid
270 749 324 826 'sit
348 751 408 826 isto
432 755 537 840 lascis,
561 779 659 852 quem
685 757 821 832 loseiere
842 760 1061 844 intendimus,

48 866 214 940 videamus
241 871 351 942 Fascis
375 869 476 964 igitur
501 871 582 954 iste,
604 871 634 942 si
659 873 742 946 bene
775 875 1060 948 eomminisoimur

48 982 150 1050 onnia
168 984 361 1076 praelibata,
378 985 495 1056 Gentio
512 995 569 1056 est
585 989 791 1082 Quapropter
806 989 885 1082 qnid
909 989 952 1061 sit
976 990 1063 1062 Cen·

50 1093 95 1175 tio,
111 1095 293 1180 viduumne,
310 1100 437 1194 etquid
463 1099 688 1194 intelligimus,
712 1124 788 1174 enm
813 1104 953 1176 dicimus
976 1104 1064 1174 Can·

50 1206 172 1279 tionem
190 1213 247 1281 Est
272 1213 363 1284 enim
379 1212 507 1296 Cautio,
523 1215 700 1286 secumdum
717 1238 832 1287 venrm
849 1216 995 1288 nominis
1018 1215 1064 1285 si·
1146 1215 1150 1224 '

50 1325 241 1415 gnideatum,
259 1328 328 1421 ipso
344 1329 482 1400 canendi
500 1339 600 1411 aetus,
625 1330 680 1401 sel
705 1331 822 1422 passio,
847 1329 931 1406 sient
954 1331 1063 1416 lertio,

51 1440 157 1529 pasin,
174 1441 228 1512 sel
244 1451 334 1515 aetus
349 1443 489 1536 legendi.
505 1443 568 1515 Sed
586 1442 812 1524 divarioemns,
829 1444 913 1538 qnod
931 1444 1064 1516 'dietum

52 1565 96 1634 ³¹,
110 1566 219 1628 utrum
237 1558 388 1630 videlieet
405 1557 485 1631 ltsee
501 1557 544 1628 sit
560 1556 686 1638 Gentio,
703 1567 802 1650 prout
817 1569 864 1630 est
883 1570 983 1643 ndns,
1007 1560 1062 1632 vel
1213 1629 1216 1635 ,
1349 1607 1352 1614 -

53 1681 136 1760 pron
153 1672 269 1764 passio.
283 1672 380 1745 Circa
396 1671 459 1744 hoe
475 1669 744 1744 considerandum
762 1681 818 1754 est,
834 1676 921 1767 qnod
945 1674 1063 1745 Cautio

54 1782 214 1876 dupliciter
229 1787 335 1881 accipi
353 1796 469 1880 potest
486 1809 550 1858 nno
577 1787 675 1857 modo
700 1787 877 1858 seeundum
902 1787 987 1880 quod
1014 1788 1063 1858 la-

55 1890 185 1968 ln‘ratur
201 1899 244 1970 ah
262 1909 392 1972 anctore
416 1919 484 1979 suo,
509 1913 541 1970 et
565 1899 612 1970 sio
637 1909 685 1970 est
710 1899 805 1980 ectio,
831 1911 863 1970 et
886 1900 1063 1973 seeundum

55 2006 142 2082 istum
159 2015 293 2085 modum
311 2013 471 2110 Virgilius
487 2014 597 2109 primo
613 2013 775 2086 Aeneidos
792 1999 880 2085 dioit

118 2129 217 2200 durno
232 2131 395 2221 niuemque
412 2153 501 2200 osne.

56 2239 121 2310 llio
136 2245 234 2316 modo
250 2247 426 2318 secundnm
443 2246 530 2341 qnod
547 2242 735 2326 lubricatur,
752 2243 925 2340 profertum,
941 2245 995 2318 vel
1018 2245 1062 2318 eb

57 2367 182 2441 sumre,
198 2357 252 2433 vel
269 2360 312 2432 el)
328 2359 396 2432 olio
414 2359 614 2455 quicumque
631 2360 683 2443 sit,
700 2360 769 2432 sive
780 2383 855 2430 oum
866 2359 1062 2432 modulatio·

57 2491 90 2538 ne
104 2475 292 2565 proteratur,
307 2475 377 2548 sire
394 2497 471 2556 non,
488 2485 521 2546 et
536 2473 584 2544 sio
601 2485 648 2545 est
665 2473 781 2567 passio.
798 2477 885 2547 Nam
901 2475 1062 2569 tnnoegi·

56 2591 107 2664 tm,
122 2587 219 2659 modo
234 2609 314 2662 sero
330 2611 427 2682 agere
444 2587 572 2662 videtur
589 2587 623 2658 in
647 2588 761 2670 aliurn,
777 2597 810 2660 et
824 2587 871 2660 sio
896 2599 974 2660 tnnc
998 2589 1061 2660 nli·

58 2699 133 2793 teitu
156 2702 253 2786 notio,
278 2703 377 2775 modo
402 2727 528 2800 qnoque
553 2704 660 2798 passio
686 2705 825 2798 alicujus
850 2703 992 2776 videtur.
1019 2707 1062 2775 Et

58 2814 121 2904 qnia
136 2818 225 2910 prius
241 2818 352 2911 agitrrr
369 2819 439 2912 ipsa
463 2839 563 2913 aprum
589 2829 676 2911 agat,
701 2818 807 2912 magis
832 2820 905 2889 ideo
931 2841 1065 2913 prorsus

57 2925 247 3003 denominari
264 2931 392 3006 ridetur
408 2931 452 3003 ab
468 2955 517 3013 eo,
534 2933 620 3026 qnod
637 2931 754 3024 agitur,
772 2940 805 3002 et
821 2941 868 3000 est
885 2931 971 3004 actio
997 2931 1060 3003 eli-

59 3045 141 3138 NJ‘ns,
156 3071 257 3144 qnam
274 3049 318 3119 nb
334 3070 374 3118 eo
399 3047 484 3141 quod
512 3048 581 3139 agit
607 3047 641 3116 in
668 3047 759 3118 ulios
785 3047 922 3139 Signum
949 3055 1058 3116 autem

59 3155 137 3254 hujus
152 3175 209 3244 est,
225 3163 311 3258 qnod
329 3185 496 3256 uunquam
512 3159 661 3234 dicimus·
679 3159 759 3232 lteee
776 3171 823 3230 est
837 3158 955 3230 Cautio
970 3159 1059 3230 Petri

59 3275 179 3367 equod
198 3276 303 3370 ipsum
320 3275 473 3370 proferat,
490 3275 544 3344 sed
561 3297 601 3346 eo
617 3273 701 3368 quod
720 3273 929 3344 fabricaverit
955 3272 1058 3342 illam.

58 3387 209 3463 Praeterea
226 3390 447 3462 disserendum
463 3399 519 3468 est,
537 3399 646 3460 utrum
662 3385 779 3459 Contio
804 3387 930 3458 dicatur
957 3384 1058 3455 labri·

61 3501 131 3572 ratio
144 3503 320 3576 verborum
339 3501 624 3582 armoninatonrm,
642 3503 694 3572 vel
713 3501 783 3594 ipsa
800 3499 991 3570 modulatio.
1016 3500 1057 3570 ad

59 3619 130 3706 quod
144 3619 290 3698 dicimus,
306 3618 391 3712 qnod
409 3639 576 3710 nunquam
593 3615 773 3687 medidatio
789 3613 908 3684 dicitnr
929 3611 1058 3698 Contio,

61 3727 107 3794 sed
120 3751 218 3813 sunus,
234 3729 288 3802 vel
305 3740 409 3808 tonus,
426 3730 479 3800 rel
504 3739 591 3809 nota,
617 3730 670 3800 rel
696 3729 805 3799 melos.
830 3727 943 3798 Nullus
967 3726 1056 3797 eninr

60 3839 250 3928 telinense}
267 3843 444 3937 organista,
459 3842 513 3914 vel
530 3841 733 3912 citharaedos
759 3840 936 3912 melodiam
962 3859 1055 3913 suam

62 3951 236 4030 Cmtionem
252 3965 358 4040 vocat,
375 3957 437 4028 nisi
456 3955 489 4024 in
506 3967 665 4050 quantum
682 3965 783 4051 nupta
799 3964 845 4026 est
862 3953 962 4026 alicui
979 3979 1057 4028 ren·
