2978 4984
486 454 558 522 678
762 473 806 522 na
829 471 1031 524 unrancma

387 589 421 650 ut
439 589 535 672 potet,
549 579 621 650 'sire
637 573 783 664 naturaie,
800 579 886 674 quod
913 565 1001 650 idem
1018 587 1074 649 est
1092 579 1143 650 Ex
1159 599 1229 674 quo
1245 577 1410 675 cnll'gilarr

385 695 471 786 qnod
493 693 593 764 virtus
608 693 833 765 authorizandi
859 716 1000 786 regnum
1025 691 1099 774 hoc,
1115 689 1158 762 sit
1174 701 1289 764 conus
1313 703 1405 764 natu-

385 831 457 878 ram
475 806 648 878 Ecclesiae.
665 808 884 878 Contrarietas
902 807 993 877 enim
1011 807 1046 876 in
1062 805 1221 898 opinione
1238 805 1292 878 rel
1311 803 1404 886 dido

386 921 530 1014 sequitur
546 943 586 992 ex
602 922 830 993 contrarietate
840 930 979 1016 quaeest
996 921 1030 991 in
1040 943 1076 990 re
1093 919 1183 992 diota
1198 921 1254 991 rel
1269 921 1404 1014 opimata:

388 1035 472 1106 sicut
488 1058 602 1107 verum
620 1047 653 1106 et
670 1037 790 1108 falsum
808 1036 852 1106 ab
875 1059 942 1105 csse
968 1036 1028 1113 raiz
1045 1035 1098 1106 vel
1114 1057 1183 1104 non
1199 1057 1268 1106 &a
1284 1035 1319 1106 in
1332 1057 1401 1104 nra-
1462 1079 1463 1130 3

386 1148 478 1231 tione
495 1161 656 1231 causatur,
672 1149 866 1221 utdoctrina
882 1150 1230 1220 Praedicamentonrm
1241 1149 1398 1219 noadonet

387 1259 591 1349 sufficienter
605 1261 708 1355 igilur
724 1285 783 1355 per
799 1271 994 1356 argumenta
1009 1261 1190 1356 superiora,
1206 1262 1346 1333 ducendo
1360 1261 1398 1332 ad

390 1373 635 1456 inconveniens,
646 1375 820 1469 probatum
838 1386 887 1448 est
903 1375 1131 1450 auctoritatem
1141 1374 1276 1472 Imperii
1291 1373 1398 1448 ablic-

387 1488 490 1570 alesia
504 1489 645 1562 minima
662 1488 852 1587 dependere.

467 1841 559 1912 Licet
576 1843 610 1912 in
628 1839 833 1936 praecedenti
850 1838 1002 1934 Capitoln
1018 1837 1168 1912 ducendo
1191 1839 1228 1910 ad
1249 1835 1391 1906 manure·

393 1953 496 2038 niens,
511 1965 678 2028 ostensum
694 1955 746 2038 ait,
763 1957 993 2028 auctoritatem
1010 1955 1145 2050 imperii
1162 1955 1206 2026 alr
1222 1950 1390 2025 anctoritate

391 2070 512 2140 summi
530 2070 696 2142 Pontificis
710 2092 779 2142 non
797 2070 942 2150 causari;
960 2085 1027 2139 non
1043 2073 1156 2141 tamml
1176 2066 1304 2138 omnim
1324 2083 1392 2158 prn-

392 2183 507 2255 batum
533 2195 589 2267 est,
616 2184 720 2279 ipsam
741 2184 937 2255 immediate
961 2185 1144 2278 dependere
1161 2207 1181 2254 a
1198 2185 1276 2264 Deo,
1290 2178 1346 2250 nisi
1358 2200 1397 2248 m

393 2297 611 2392 consequenti.
628 2299 835 2392 Consequens
852 2298 944 2369 enim
960 2295 1055 2380 estsi
1072 2298 1116 2369 alr
1135 2297 1209 2391 ipso
1219 2291 1396 2368 miniario

396 2433 461 2484 non
478 2413 646 2506 dependet,
672 2413 759 2506 qaod
784 2437 805 2482 a
825 2415 896 2483 Deo
921 2413 1091 2507 dependat
1109 2413 1152 2482 Et
1178 2410 1252 2481 ideo
1276 2409 1314 2480 ad
1336 2429 1397 2502 pe·-

397 2527 515 2596 lectam
533 2527 838 2598 determinationem
858 2526 1025 2622 propositi,
1034 2523 1195 2598 ostensive
1213 2522 1396 2620 probandum

397 2649 454 2726 est,
471 2643 708 2734 Imperatorem
725 2642 793 2715 sive
812 2643 926 2714 rnrrndi
945 2641 1162 2714 Monarcham
1179 2637 1352 2710 immediate
1364 2655 1395 2704 se

398 2755 522 2826 habere
537 2758 580 2828 ad
598 2757 783 2850 principem
806 2757 963 2841 universi,
980 2757 1038 2852 qui
1063 2759 1152 2829 Deua
1176 2765 1236 2824 est.
1251 2753 1298 2824 ll
1317 2749 1397 2842 laius

397 2882 507 2944 autern
524 2923 527 2930 .
544 2871 796 2965 intelligentiam
828 2873 1010 2954 sciendum,
1034 2869 1252 2976 quod'homo
1275 2867 1350 2938 solus
1368 2863 1396 2932 in

394 2986 525 3056 entibus
534 2997 622 3056 tenet
632 2987 776 3058 medium
788 2981 1395 3080 corruptibiliumetineormptibilinn

396 3099 533 3194 Propter
547 3101 635 3194 quod
653 3109 740 3170 recte
758 3125 779 3172 a
796 3099 1000 3194 Philosophis
1025 3099 1224 3172 assimilatur
1249 3091 1395 3170 horizonti.

395 3213 454 3306 qui
471 3224 518 3284 est
536 3215 682 3284 medium
698 3215 837 3286 duorum
855 3213 1183 3326 hemisppneriornm.
1199 3211 1286 3284 Nam
1310 3207 1397 3284 bono»

396 3325 423 3394 si
442 3325 662 3398 consideretur
677 3329 854 3400 seeundum
872 3336 1191 3421 utramquepartem
1207 3321 1397 3396 essentialem·

398 3440 523 3516 scilicet
538 3441 688 3514 animam
706 3454 738 3512 nt
755 3463 880 3536 corpus,
898 3441 1120 3535 corruptibilis
1146 3449 1211 3512 cst:
1226 3439 1255 3510 si
1280 3433 1399 3508 sensile

402 3566 491 3634 retur
515 3567 645 3630 tantum
671 3557 847 3628 seeundum
873 3579 987 3636 unam,
1004 3555 1128 3628 scilicet
1152 3554 1325 3626 secundnm
1346 3545 1399 3620 ani·

402 3693 505 3753 maru,
523 3671 782 3768 incorruptibilis
798 3681 854 3744 est.
865 3674 1000 3766 Propter
1016 3671 1104 3766 quod
1122 3669 1205 3741 hene
1216 3664 1398 3758 Philosoplra

403 3785 513 3880 inquit
529 3787 570 3860 de
588 3789 669 3881 ipso,
686 3799 782 3882 prom
805 3786 1064 3880 incorruptibilis
1089 3795 1145 3868 cst,
1162 3785 1198 3856 in
1223 3777 1395 3856 menum&

401 3903 535 3986 Anima,
553 3927 626 3978 cnm
645 3905 745 3979 dixitz
769 3905 813 3976 Et
830 3905 930 3982 colum
946 3904 1004 3978 loc
1020 3902 1172 3992 coetinpit
1187 3899 1332 3992 osporci,
1343 3907 1393 3960 l·-

405 4039 498 4112 prom
529 4033 716 4112 perpetuum
748 4043 769 4090 o
800 4017 1013 4112 corruptibili.
1039 4015 1085 4118 ‘Si
1119 4038 1200 4108 ergo
1233 4013 1326 4088 Ιιοωο
1344 4025 1395 4078 ¹²·
