2914 4982
466 422 542 496 '555
747 439 791 490 on
809 437 1012 491 nonanoma
1370 517 1378 525 1

367 555 483 649 algore
499 547 632 645 trigoris
644 552 897 642 pmmnntnrzet
914 545 1010 615 aliter
1026 545 1248 618 &manantes
1260 545 1312 642 qni
1328 547 1384 620 aab

334 733 338 743 ,
368 662 600 762 aequinoctiali
621 657 816 742 habitantes,
833 669 867 730 et
891 673 1105 754 coaequatam
1131 683 1269 754 semper
1289 662 1384 734 lucem

366 781 522 854 diurnam
539 776 643 848 noctis
657 775 800 848 tenebris
814 772 981 856 babentes,
991 775 1036 846 ob
1052 785 1157 847 aestus
1174 775 1267 847 aeris
1282 777 1388 846 nimie-

370 905 472 968 tatem
488 891 673 965 vestimenti
688 890 813 984 operiri
829 911 895 959 non
914 899 1053 982 possunt
1063 891 1126 962 Sed
1141 891 1194 961 sic
1213 891 1391 983 intelligen-

368 1009 449 1080 dum
465 1019 522 1089 eet,
538 1018 575 1078 ut
590 1007 771 1081 humanum
786 1025 889 1098 genua
912 1005 1090 1074 secundum
1117 1027 1177 1074 sua
1207 1003 1390 1074 communia

369 1147 454 1219 prae
477 1121 633 1192 omnibns
657 1128 857 1212 competunt,
873 1117 916 1188 ab
941 1139 982 1186 eo
1007 1127 1148 1210 regatur,
1165 1128 1203 1188 et
1231 1117 1387 1188 communi

368 1239 484 1331 tegula
499 1235 699 1328 gubernetur
715 1234 757 1305 ad
774 1235 1015 1327 pemmonem
1031 1232 1165 1326 quidem
1183 1233 1339 1326 regulam
1352 1231 1388 1300 si-

367 1373 412 1423 ve
427 1352 545 1444 legem,
561 1349 774 1442 particulares
790 1345 955 1440 principes
971 1345 1015 1415 ab
1032 1369 1071 1416 eo
1087 1347 1242 1440 recipere
1267 1347 1387 1416 alehem:

371 1475 528 1558 tanquam
545 1463 726 1535 intellectos
743 1460 903 1558 practicus
918 1461 961 1532 ad
984 1461 1232 1533 conclusionem
1259 1459 1389 1556 operati·

372 1579 450 1648 'vam
466 1576 584 1670 recipit
600 1577 762 1672 majorem
780 1573 1037 1669 propositionem
1063 1575 1107 1648 ab
1133 1577 1304 1648 intellecto
1325 1599 1388 1667 spo·

370 1690 531 1762 euletico:
547 1703 580 1763 et
595 1692 654 1764 snb
672 1691 730 1764 illa
746 1691 989 1786 particularem,
1004 1713 1091 1785 quae
1107 1691 1246 1786 proprie
1269 1713 1324 1760 sua
1338 1701 1385 1768 est,

367 1805 516 1887 ¹aassnrnit,
533 1817 565 1878 ct
581 1806 822 1900 particulariter
838 1808 880 1879 ad
903 1807 1129 1902 operationem
1154 1805 1327 1877 concludit
1349 1805 1385 1872 Et

371 1919 434 1992 boo
449 1945 516 1992 non
531 1925 638 1995 solnm
656 1923 809 2016 possibile
825 1933 875 1994 est
891 1923 960 2007 nni,
977 1925 1032 1994 sed
1049 1943 1178 1993 necesse
1198 1933 1250 1994 eet
1265 1921 1302 1992 ab
1324 1941 1379 1990 nno

371 2037 555 2129 procedere,
571 2047 607 2107 nt
622 2036 731 2107 omnis
747 2038 895 2108 continio
911 2040 952 2108 de
968 2036 1138 2130 principiis
1154 2037 1289 2107 utilibus
1302 2033 1379 2104 anie

372 2160 472 2219 ratur.
498 2151 571 2220 Hoc
595 2151 767 2220 etinctum
794 2151 892 2222 inisse
909 2173 968 2246 per
984 2151 1101 2244 ipsum,
1118 2149 1188 2242 ipse
1207 2151 1329 2244 loaysa
1348 2143 1378 2212 in

372 2263 446 2357 lage
462 2264 654 2347 conscribit;
664 2263 720 2359 qni
738 2266 910 2360 assumptis
926 2264 1122 2360 primatibus
1137 2265 1178 2336 ‹le
1194 2257 1381 2336 tribubmli·

371 2377 494 2451 liomm
512 2381 623 2462 lsrael,
640 2380 689 2451 eis
705 2380 863 2452 interiora
875 2381 1003 2476 judicia
1020 2379 1213 2474 reliqnebat,
1229 2376 1383 2474 mperiora

368 2503 406 2564 et
422 2496 651 2567 communiora
666 2495 731 2568 sibi
747 2496 810 2567 soli
827 2495 1141 2591 reservaostqnibns
1158 2489 1379 2565 communiori·

372 2605 434 2678 bns
449 2609 626 2682 utebantur
641 2611 797 2706 primates
814 2633 874 2704 per
890 2611 997 2681 tribus
1012 2633 1097 2692 anm,
1113 2611 1280 2683 seeundum
1295 2601 1376 2701 qood

371 2722 429 2794 oni
445 2724 548 2798 tribui
565 2725 780 2820 competebat.
791 2727 881 2817 Ergo
899 2725 1017 2795 melius
1027 2735 1075 2795 est
1090 2723 1268 2795 humanum
1285 2739 1379 2816 genna

371 2859 433 2932 per
447 2861 550 2914 unum
567 2842 647 2936 regi,
663 2863 765 2936 qnam
782 2863 842 2934 per
859 2841 964 2932 plura,
981 2851 1013 2910 et
1030 2841 1077 2910 sic
1094 2835 1377 2934 pertinanaciam

371 2953 562 3046 quinniens
577 2967 625 3027 est
641 2955 804 3049 princepsz
831 2962 864 3026 et
889 2954 936 3023 sic
961 2955 1078 3028 melius
1102 2953 1378 3048 acceptabilisque

373 3079 423 3136 est
439 3069 519 3152 Deo,
530 3093 606 3140 cnm
617 3073 705 3140 Deos
721 3090 851 3163 semper
865 3068 946 3140 velit
961 3069 1048 3164 qnod
1066 3069 1183 3140 melius
1199 3077 1302 3139 eattet
1316 3083 1376 3134 cnn

371 3181 515 3254 duomm
539 3193 668 3256 tantum
695 3185 782 3256 inter
803 3205 839 3255 se
864 3183 950 3254 idem
976 3184 1018 3254 sit
1044 3183 1160 3255 melios
1177 3193 1210 3255 et
1225 3183 1378 3279 optimum.

373 3315 572 3390 consequens
588 3309 645 3380 cst,
661 3319 728 3367 non
744 3297 850 3369 solum
877 3293 949 3368 Deo
973 3321 1040 3368 esse
1066 3297 1300 3390 acceptabilius
1319 3294 1376 3366 bor.

373 3407 461 3480 inter
476 3409 538 3480 boe
553 3435 657 3484 unum
673 3421 708 3482 et
733 3411 814 3483 baec
840 3412 945 3504 plura,
972 3413 1028 3482 sed
1054 3411 1376 3503 acceptabilissimum

375 3523 472 3594 Unde
485 3523 639 3619 sequitur,
656 3525 837 3600 humanum
855 3547 956 3618 genus
972 3524 1098 3616 optime
1113 3547 1148 3594 ae
1172 3522 1296 3595 babere
1317 3537 1375 3591 ono

375 3635 420 3704 ab
435 3659 501 3706 uno
519 3651 660 3733 regatur.¹
676 3642 716 3712 Et
736 3639 783 3711 nic
798 3639 841 3711 ati
858 3639 944 3711 bene
958 3659 1027 3710 esse
1052 3639 1179 3722 mnndi,
1196 3661 1321 3710 neemse
1341 3641 1375 3702 ee

376 3749 605 3823 llomrebiam
621 3775 698 3824 ease.

402 3927 408 3936 .
451 3867 534 3935 ltem
550 3865 633 3948 dico,
643 3868 729 3962 qnod
746 3889 803 3937 ena
819 3875 852 3937 et
867 3887 973 3936 nnnm
989 3875 1022 3935 ct
1038 3861 1338 3958 bonnmgraalatin
1349 3873 1372 3920 tt

376 3979 701 4056 metamaucum
727 3981 878 4076 primum
898 3979 1034 4054 modum
1059 3977 1199 4051 dicendi.
1226 3977 1315 4052 Prius
1334 3981 1374 4040 οὕ
