3082 4984
570 431 641 496 802
895 447 1075 498 eersrnnns

471 555 503 628 in
523 554 618 626 tertio
644 551 965 648 Methephysinnrnm
984 553 1073 644 (83);
1091 553 1152 624 erit
1171 551 1242 646 (8l)
1264 553 1428 630 devenirent

470 669 624 764 primum,
645 669 701 762 qni
728 672 814 738 Dens
839 679 894 738 est
912 669 955 738 Et
978 667 1026 738 sic
1052 669 1193 740 mediate
1219 671 1270 740 vel
1294 670 1433 742 immediate

469 807 568 854 omne
582 783 668 876 qnod
685 794 731 852 est
748 783 819 874 (85)
837 781 934 852 habet
950 803 1017 851 esse
1034 782 1077 851 ab
1095 784 1161 860 Eo:
1178 782 1255 876 qnia
1270 807 1308 852 ex
1328 807 1361 852 en
1378 785 1434 876 quel

470 921 567 970 rausa
593 897 731 968 merenda
757 897 873 989 recipit
897 920 918 966 a
945 895 1063 990 prima,
1081 896 1192 966 inllnit
1208 919 1300 990 snper
1314 909 1434 966 nnann

472 1013 512 1082 nel
532 1011 666 1080 modum
684 1008 870 1103 recipientis
887 1019 920 1080 et
937 1009 1140 1102 respicientis
1165 1011 1292 1082 mltum
1308 1010 1373 1101 (86)
1385 1033 1435 1101 pre

472 1135 542 1217 pter
557 1125 644 1217 qnod
662 1145 760 1194 neusa
777 1123 886 1222 prinra
902 1136 948 1192 est
967 1124 1073 1216 magis
1091 1145 1199 1194 rause,
1216 1124 1257 1192 Et
1280 1123 1334 1192 noe
1353 1122 1434 1192 nnn

473 1238 508 1306 in
532 1237 620 1307 libro
645 1237 685 1307 (le
710 1235 816 1306 causis
842 1238 913 1328 (87)
932 1285 952 1316 ,,
969 1238 1056 1330 qnod
1081 1236 1193 1306 omnis
1217 1259 1308 1308 cansa
1323 1233 1435 1328 prinaria

427 1419 434 1432 ,
474 1353 544 1445 plns
559 1350 669 1420 inllnit
685 1372 782 1442 snper
798 1372 895 1419 snum
918 1361 1097 1428 causatum,
1112 1371 1215 1444 quem
1239 1372 1324 1420 cansa
1344 1345 1435 1418 unirer·

479 1464 555 1535 salis
570 1463 710 1534 secunda
727 1511 756 1544 ,,.
774 1462 836 1534 Sed
854 1461 917 1531 hoe
933 1472 1091 1556 quantum
1108 1463 1150 1532 nel
1169 1485 1244 1534 esse.

552 1696 609 1761 20.
625 1693 792 1778 Qunntnrn
810 1713 888 1762 vero
905 1693 946 1762 ad
964 1691 1138 1762 essentiam
1167 1693 1265 1786 probo
1282 1690 1331 1758 sic:
1346 1686 1434 1756 Omnis

475 1807 623 1886 essentia,
642 1817 769 1899 praeter
785 1806 939 1897 primam,
955 1818 1003 1876 est
1020 1817 1164 1886 nnuma,
1182 1805 1269 1876 aliter
1281 1809 1356 1874 esent
1375 1797 1432 1890 pln-

476 1945 524 2000 ra,
550 1945 633 2014 qnae
658 1931 761 1991 essent
788 1941 846 2012 per
861 1943 903 2006 μ
929 1943 1073 1999 essese,
1098 1922 1186 2014 quod
1214 1930 1258 1990 est
1278 1911 1430 2008 inprssilrle.

474 2036 567 2120 Quod
586 2036 656 2126 (88)
673 2039 914 2114 οῑιιιεαῐυιη,ὀεὶ
931 2034 983 2103 vel
1001 2058 1020 2103 a
1037 2045 1167 2115 natura,
1183 2036 1235 2104 rel
1252 2033 1289 2102 ab
1303 2029 1429 2100 intelenu:

474 2157 515 2226 et,
540 2148 619 2240 qnia
647 2149 717 2236 (89)
745 2156 860 2216 natura
885 2158 932 2217 est
958 2147 1028 2240 (90)
1044 2171 1125 2240 opus
1154 2145 1431 2238 intelligentiaenn·

476 2281 517 2328 ne
535 2261 606 2349 (91)
624 2260 710 2352 qnod
728 2269 773 2328 est
791 2269 970 2340 censatum,
988 2271 1034 2330 est
1051 2257 1219 2332 cnnsatnm
1235 2261 1273 2330 alr
1295 2257 1381 2348 aliqne
1399 2250 1431 2316 in·

476 2371 606 2440 tellertn
624 2370 764 2441 mediate
783 2371 834 2440 vel
851 2371 1041 2443 immediate
1058 2375 1141 2466 (99).
1159 2377 1263 2460 ann
1280 2391 1345 2462 erge
1365 2364 1433 2434 eirtn

475 2494 627 2576 sequatur
643 2483 814 2554 essentiam
832 2484 923 2578 cujns
940 2496 987 2556 est
1003 2487 1115 2564 virtus.
1133 2489 1162 2556 si
1180 2484 1303 2557 essentia
1317 2481 1349 2552 sit
1368 2473 1431 2546 intel·

474 2595 665 2678 lectiva‚'est
683 2605 750 2666 tota
767 2607 799 2667 et
816 2598 922 2680 nnius,
947 2623 1032 2692 qnae
1050 2601 1121 2692 (93)
1141 2611 1257 2672 cernet
1272 2601 1308 2668 Et
1327 2594 1367 2670 sie
1378 2609 1431 2680 tlt*

478 2709 690 2780 madmndnm
708 2708 799 2802 prins
816 2711 968 2782 devenire
985 2713 1057 2806 (94)
1076 2728 1145 2784 erat
1157 2717 1198 2788 ad
1209 2711 1428 2806 prinnannnsan

477 2819 577 2914 ipsius
594 2845 669 2908 esse,
690 2822 850 2906 sisennus,
867 2824 1021 2896 essentiae
1039 2837 1070 2896 et
1097 2827 1234 2898 virtutis
1254 2829 1358 2912 Propter
1370 2809 1429 2906 quel

475 2942 573 3024 patet,
590 2935 678 3026 qnod
696 2935 803 3004 omnis
819 2937 956 3008 essentia
973 2949 1005 3008 et
1024 2939 1124 3010 virtus
1152 2939 1296 3033 procedet
1316 2958 1331 3004 e
1349 2927 1429 3022 print

475 3053 507 3112 et
532 3043 767 3138 intelligentiae
795 3048 964 3120 inferiores
990 3051 1150 3145 recipiant
1175 3053 1266 3146 qnasi
1289 3041 1426 3119 senene·

477 3166 508 3226 et
526 3159 660 3228 reddant
679 3160 785 3230 radios
801 3161 976 3254 superioris
986 3166 1026 3235 nd
1043 3185 1137 3238 sunm
1152 3162 1327 3242 interirent
1341 3151 1427 3226 molen

477 3272 682 3364 speculorum
700 3275 781 3365 (95).
792 3277 886 3360 Quod
904 3277 980 3348 satis
999 3291 1108 3372 aperte
1128 3291 1256 3372 tangere
1273 3260 1426 3346 eiletnrffi‘*

481 3383 592 3477 nysius
617 3385 656 3454 ele
683 3387 812 3458 coelesti
840 3387 1024 3462 hierarchia
1050 3393 1184 3486 loquens
1201 3395 1276 3484 (96).
1292 3390 1323 3458 n
1342 3385 1429 3473 perpere

477 3497 540 3566 lree
556 3498 677 3568 (licitur
696 3501 729 3570 in
746 3501 833 3570 libro
850 3502 889 3594 tle
908 3503 1011 3574 censis
1030 3506 1101 3598 (97)
1120 3557 1137 3586 ,,
1154 3505 1237 3598 quod
1262 3495 1347 3570 omnis
1367 3483 1428 3606 intel·

478 3611 614 3704 ligentin
631 3625 676 3684 est
694 3615 791 3707 plena
809 3615 922 3684 formis
939 3667 967 3698 ‚‚.
994 3621 1083 3688 Petet
1110 3642 1197 3712 ergo,
1221 3609 1356 3710 quomedo
1375 3609 1427 3668 rate

480 3726 674 3808 manifestat,
690 3728 841 3799 «livinum
859 3729 982 3812 lumen,
1000 3731 1032 3802 id
1058 3745 1105 3804 est
1131 3733 1270 3802 divinam
1293 3719 1427 3796 lenitate

478 3836 672 3929 sapientiem
691 3852 722 3914 et
741 3842 896 3914 virtutem
913 3845 1117 3938 resplendere
1136 3845 1258 3940 ultique
