2978 4984
510 398 583 464 670
786 412 830 466 nn
854 411 1055 466 moruncurt

405 524 478 593 Deo
494 517 685 592 immediate
700 517 892 616 dependere.
912 523 1006 608 Quod
1032 529 1146 592 antem
1171 518 1328 592 aucteritas
1346 521 1387 592 u-

348 636 352 652 *
404 635 522 706 clesiae
537 655 604 704 uon
621 633 664 706 sit
684 657 797 710 caussa
822 635 1007 730 Imperialis
1033 633 1245 718 auctoritatis,
1267 636 1385 729 probatu

405 751 462 822 sic.
494 751 590 831 lllud,
614 770 680 844 qno
705 771 771 821 non
797 749 963 832 existente,
989 759 1047 821 aut
1069 771 1138 845 qno
1164 771 1228 818 non
1251 750 1389 828 rirmante,

406 864 495 936 aliud
512 864 611 934 habet
627 871 732 934 totam
747 885 841 936 snam
857 863 1024 947 virtutem,
1041 885 1109 933 non
1135 871 1186 934 eet
1210 885 1310 933 caune
1329 861 1389 932 rlliu

406 977 544 1050 virtutis·
561 979 623 1050 Sed
641 977 787 1050 Ecclesia
803 998 871 1047 non
888 977 1053 1061 existente,
1079 987 1143 1050 aut
1173 999 1236 1046 nou
1260 977 1391 1052 simut,

406 1093 587 1188 Imperium
604 1091 719 1164 hahuit
735 1103 839 1164 totam
858 1113 952 1165 suam
978 1092 1147 1165 virtutem.
1174 1095 1259 1186 Ergo
1281 1089 1386 1162 Ecclesia

406 1233 474 1280 non
489 1218 538 1280 est
554 1230 666 1278 mussa
682 1205 813 1278 virtutis
828 1206 976 1301 imperii,
1002 1217 1034 1278 et
1059 1229 1122 1302 per
1147 1227 1332 1300 consequen«,
1349 1223 1388 1270 rer

408 1320 619 1402 auctoritatis,
636 1343 715 1392 cum
732 1322 822 1391 idem·
837 1320 940 1392 virtus
956 1319 1002 1390 sit
1022 1331 1055 1392 et
1081 1320 1256 1391 auctoritas
1276 1319 1338 1412 ejus
1355 1315 1388 1386 Sit

409 1434 558 1506 Ecclesia
574 1436 615 1516 Α,
632 1434 814 1528 Imperium
832 1437 867 1517 B,
885 1435 1062 1506 auctoritas
1078 1434 1151 1506 sive
1176 1433 1271 1505 virtu
1291 1427 1388 1524 tmperi

407 1549 444 1618 C.
460 1546 495 1620 Si
514 1569 580 1618 nou
598 1547 754 1618 existente
771 1550 812 1629 Α,
828 1549 853 1620 C
872 1548 970 1619 estin
990 1549 1025 1629 Β,
1043 1547 1340 1642 impossibilem
1354 1565 1390 1612 es·

407 1687 442 1734 sc
458 1685 607 1732 caussam
623 1661 693 1755 ejus
707 1661 795 1754 quod
811 1671 868 1744 est,
884 1662 909 1733 C
928 1685 996 1732 esse
1013 1661 1047 1732 in
1064 1664 1102 1732 ik
1130 1685 1208 1732 oum
1231 1655 1385 1750 iuposttrte

381 1801 384 1808 ’
408 1777 460 1857 sit,
476 1775 627 1848 effectum
644 1776 836 1868 praecedere
853 1799 985 1848 camum
1005 1778 1039 1847 in
1056 1799 1137 1848 eme
1154 1775 1265 1854 Adluc,
1279 1772 1299 1842 si
1319 1767 1383 1838 riiti

410 1901 567 1984 operante
583 1891 624 1972 A,
641 1891 666 1960 C
685 1889 783 1960 estin
802 1891 837 1971 Β,
854 1912 981 1962 necesso
999 1905 1055 1974 eet,
1073 1893 1106 1962 Α
1123 1913 1192 1961 uon
1215 1913 1269 1960 esse
1285 1904 1381 1955 umam

411 2007 481 2100 ejus
497 2007 584 2098 qnod
601 2015 657 2086 est,
673 2005 698 2076 C
717 2028 785 2076 esse
802 2007 837 2075 iu
854 2007 892 2076 B:
911 2027 987 2076 curu
1002 2029 1133 2078 necesse
1152 2005 1194 2076 sit
1202 2007 1239 2076 ad
1249 1995 1382 2096 producto·

414 2145 488 2192 nem
507 2121 637 2194 effectus
661 2123 870 2215 praeoperari
897 2145 1053 2204 museum,
1080 2121 1264 2216 praesertim
1285 2113 1386 2186 elioen-

413 2249 492 2318 tem,
509 2237 549 2307 de
566 2259 631 2330 qun
649 2235 835 2306 intenditur.
852 2238 962 2330 Major
980 2236 1164 2331 propositio
1187 2235 1274 2329 nujus
1290 2231 1389 2300 denon-

412 2349 578 2423 strationis
593 2350 759 2421 declarata
775 2359 823 2421 est
839 2349 873 2420 iu
891 2351 1049 2422 terminis
1066 2351 1229 2421 Minorem
1245 2343 1388 2416 Clristuset

412 2463 558 2536 Ecclesia
575 2464 758 2534 coufirmat:
784 2463 928 2537 Christus
952 2467 1117 2538 nascendo
1142 2478 1175 2538 et
1200 2459 1386 2535 moriendotti

411 2579 560 2672 superius
576 2578 699 2651 dictum
726 2591 781 2650 est:
808 2581 963 2663 Ecclesia,
990 2605 1067 2652 cnm
1092 2583 1212 2653 Paulus
1236 2578 1266 2646 in
1288 2569 1382 2644 Artibus

252 2694 311 2765 fr·
412 2694 641 2788 Apostolorum
659 2655 751 2796 atter
768 2697 809 2766 ar
827 2698 967 2768 Festum:
984 2699 1036 2767 rr
1055 2698 1197 2767 rarum
1212 2690 1327 2764 caece
1343 2697 1383 2756 ro.

413 2811 468 2878 uiri
484 2833 532 2877 oce
547 2821 664 2900 oportet
677 2806 830 2899 judicari.
846 2811 930 2880 Cum
956 2811 1058 2882 etiam
1077 2810 1221 2904 Angelus
1244 2802 1296 2876 Dei
1315 2793 1385 2870 Panlo

414 2925 535 2994 dixerit
552 2947 670 3017 parurn
689 2936 767 3016 post:
785 2921 834 2994 Ne
850 2927 966 3010 timeus,
985 2929 1096 3006 Paule,
1115 2923 1241 2996 Caesari
1262 2933 1286 2987 te
1304 2917 1386 3004 opotiri

414 3041 615 3108 resisterent
634 3037 721 3108 inira
738 3039 857 3110 iterum
874 3041 991 3112 Paulus
1009 3043 1048 3112 ad
1061 3043 1201 3112 ludaeos
1210 3035 1348 3108 existentes
1360 3021 1381 3088 in

412 3152 522 3224 ltalia:
539 3152 821 3222 contradicentibus
845 3167 950 3224 notem
974 3155 1115 3236 deducis,
1141 3165 1256 3224 coactos
1277 3159 1385 3226 munt·

410 3269 528 3362 potiore
546 3267 718 3342 Gaesarem.
736 3293 801 3338 ooo
817 3271 908 3361 quusi
923 3283 1042 3362 penum
1058 3293 1158 3340 cuum
1176 3269 1280 3338 tatere
1300 3247 1385 3344 alictii

413 3406 569 3467 amatore,
586 3385 638 3452 scd
654 3397 688 3452 ot
706 3386 1004 3456 necromanticum
1020 3409 1122 3455 meum
1146 3387 1184 3456 dc
1207 3390 1299 3450 morte.
1320 3361 1382 3452 Qud

413 3498 441 3568 si
457 3499 576 3568 Caesar
589 3497 663 3590 jam
679 3509 755 3588 tunc
768 3498 938 3591 judicandi
956 3500 1153 3594 temporalia
1179 3517 1240 3566 non
1264 3479 1383 3558 habuisti

414 3612 652 3692 auctoritatem,
663 3633 722 3682 nec
732 3612 877 3684 Christus
893 3614 956 3683 lroc
975 3615 1204 3707 persuassisset,
1220 3628 1272 3678 nec
1286 3591 1384 3714 angelo

415 3725 473 3796 illa
490 3727 590 3797 rerba
608 3727 802 3810 nunciasset,
814 3750 875 3800 uec
892 3729 950 3800 ille
966 3730 1023 3825 qui
1039 3730 1178 3808 dicebat,
1188 3723 1281 3816 Cupio
1294 3707 1382 3826 eliserint

416 3855 513 3910 etesse
530 3865 600 3908 cum
612 3841 746 3925 ciuisse,
757 3843 1031 3940 incompetentem
1038 3845 1180 3939 judicem
1191 3821 1379 3936 appolinaris*

415 3956 514 4028 etiarn
525 3955 753 4030 Constantinus
770 3961 997 4034 auctoritatem
1016 3983 1083 4030 non
1100 3959 1252 4034 habuisset
1267 3949 1377 4038 inpete
