2914 4982
488 403 562 470 55⁰
764 419 807 470 ns
833 419 1032 472 ιιοιιιιιιιιι
1156 420 1172 444 ·

382 529 434 620 gis
446 527 563 600 ille'ud
577 521 651 596 hos:
668 531 704 598 ut
719 535 752 596 et
767 523 965 620 Philosopho
991 526 1108 620 planet
1126 528 1161 600 in
1188 529 1230 600 iis
1249 555 1323 626 onie
1344 535 1385 606 de

384 639 546 734 praesenti
563 638 702 711 mauris
720 639 815 711 nohis
831 641 875 711 ah
891 662 931 712 eo
948 640 1063 714 relicte
1087 653 1174 714 sunt.
1192 645 1278 716 Hine
1298 646 1391 718 etin·

380 766 478 850 patet,
503 754 591 852 qood
606 753 760 850 ιιιιιιιιιιίι
775 755 897 826 Conud
913 755 984 828 sive
1001 761 1072 829 ilex
1087 769 1238 852 respecto
1253 760 1321 832 vine
1333 763 1387 832 nint

385 868 511 964 donnini
528 868 681 952 oliorum,
699 879 846 963 respectu
862 879 972 944 nutem
989 871 1122 942 termini
1140 872 1286 946 aliorum
1308 877 1393 946 nini·
1454 901 1455 904 ¹

382 981 441 1056 ori
456 989 549 1052 sunt:
564 990 597 1052 et
613 980 759 1058 maxime
784 982 973 1065 Monarcho‚
999 983 1054 1078 qui
1081 985 1236 1058 minister
1261 989 1393 1060 omniun
1454 1019 1455 1062 ι

269 1183 276 1199 ⁸
385 1094 499 1189 procul
516 1095 619 1167 dnhio
634 1093 800 1168 habendos
817 1107 873 1168 est
884 1097 973 1168 Hinc
984 1097 1059 1198 jum
1075 1098 1283 1174 innotescere
1299 1111 1392 1196 potest.

383 1210 471 1306 quod
488 1207 668 1294 Monorcho
685 1209 893 1282 necessitatur
909 1234 943 1283 ιιι
962 1212 1027 1282 fine
1044 1212 1108 1284 sihi
1126 1216 1288 1308 praefixo
1304 1215 1335 1286 in
1354 1217 1391 1286 le·

386 1323 484 1418 gibus
502 1322 668 1418 ponendis
693 1325 783 1416 Ergo
807 1347 908 1418 genus
933 1324 1117 1398 humanum
1142 1330 1205 1400 suh
1232 1329 1394 1404 llonnnln

385 1439 534 1522 existens,
544 1439 669 1534 optime
685 1463 720 1512 se
737 1439 845 1511 hehet
856 1443 983 1536 Exque
999 1444 1254 1540 monimnqnod
1272 1448 1312 1520 nd
1326 1446 1397 1516 hene

387 1573 455 1626 esse
473 1550 589 1631 mnndi
607 1551 981 1630 nosochomium
998 1565 1046 1630 est
1062 1581 1141 1630 esse.

462 1895 588 1980 Adhuc,
606 1896 662 1968 ille
677 1897 734 1994 qni
751 1907 855 1992 potest
871 1922 939 1973 esse
955 1902 1080 1995 optime
1096 1903 1267 2000 dispositos
1287 1905 1324 1976 ed
1345 1927 1394 1972 re-

388 2009 541 2101 gendum,
558 2009 681 2102 optime
706 2011 788 2083 elios
811 2013 982 2108 disponere
1008 2029 1120 2110 potest
1147 2021 1230 2090 Non
1253 2021 1287 2090 in
1308 2015 1394 2088 onni

388 2122 516 2192 notione
532 2123 758 2218 principaliter
776 2125 954 2200 intenditur
971 2131 1014 2202 eh
1036 2143 1155 2224 ugente
1179 2135 1249 2206 sive
1272 2131 1396 2206 nemi-

387 2244 454 2306 tute
468 2246 615 2326 ¹naturae,
632 2238 701 2309 sive
717 2238 902 2314 voluntarie
919 2255 1005 2337 ngat,
1030 2248 1201 2340 proprium
1226 2245 1398 2320 simlitodi·

386 2371 463 2420 nem
480 2351 660 2444 explicere3
676 2353 762 2425 undo
779 2355 826 2438 tit,
842 2358 928 2452 quod
944 2381 1045 2431 omne
1068 2385 1168 2455 egens
1193 2364 1231 2434 in
1255 2374 1398 2458 qunntnn

387 2461 587 2557 hujusmodi,
604 2466 789 2538 delectetur.
805 2470 903 2555 Quin.
920 2495 995 2544 oum
1012 2497 1111 2547 omne
1126 2478 1217 2571 qnod
1242 2489 1289 2549 est
1310 2499 1398 2570 eppe·

385 2585 545 2672 tntsunm
569 2599 645 2662 esse,
662 2602 701 2650 no
726 2579 761 2648 in
786 2585 922 2678 egendo,
940 2588 1066 2679 egentis
1082 2612 1149 2661 esse
1166 2589 1394 2685 quodamnodo

387 2690 572 2783 amplietur,
588 2692 734 2786 sequitur
749 2696 790 2766 de
807 2698 996 2771 necessitate
1012 2702 1195 2784 delectatio.
1222 2705 1299 2800 quis
1321 2702 1399 2774 dele·

387 2917 449 2987 nisi
467 2917 531 2987 tole
547 2920 695 3002 existens,
712 2923 808 3016 qrrnle
824 2926 952 3018 petiens
968 2927 1040 3002 lieri
1057 2932 1163 3006 dehet
1174 2935 1313 3027 Propter
1326 2931 1399 3028 qnod

386 3027 609 3123 Philosophus,
619 3033 653 3102 in
667 3033 851 3132 iiszqunede
867 3040 1060 3136 simpliciter
1076 3057 1165 3118 ente:
1178 3047 1400 3138 ommissis
1454 3123 1455 3132 ,

386 3144 470 3236 pund
485 3145 649 3216 reducitur
664 3151 702 3220 de
724 3155 867 3242 potentio
891 3156 928 3225 ιἰι
951 3171 1065 3242 octuoi,
1083 3163 1248 3232 reducitur
1270 3187 1327 3255 per
1349 3164 1401 3232 uls

387 3258 522 3330 enisteru
536 3274 622 3338 ortu:
639 3267 765 3354 quodsi
781 3270 875 3338 aliter
890 3271 1014 3364 olipuid
1030 3297 1119 3366 opere
1136 3294 1276 3361 sonetur,
1291 3279 1401 3372 froom

387 3387 531 3446 suuntur.
548 3377 591 3446 Et
607 3373 661 3448 hie
686 3391 790 3473 potest
814 3382 935 3456 destrui
961 3411 1053 3460 error
1081 3390 1228 3476 illorum,
1244 3395 1300 3490 qui
1323 3393 1404 3464 hune

387 3486 559 3582 loquendo,
575 3500 608 3562 et
627 3493 715 3564 mola
730 3499 906 3588 operando,
924 3501 1060 3574 eredunt
1076 3505 1159 3576 elios
1175 3507 1247 3578 rite
1263 3521 1297 3580 et
1312 3507 1403 3580 soori-

390 3600 451 3674 hus
469 3603 664 3680 informarer
681 3632 748 3680 non
764 3612 978 3698 advertentes,
995 3620 1081 3712 quod
1098 3619 1172 3712 plus
1188 3631 1401 3716 persuaserint

388 3735 506 3788 munus
521 3722 636 3804 lamb,
652 3746 753 3816 quum
770 3725 970 3808 verhn‚licet
986 3730 1063 3804 illne
1081 3733 1212 3818 fulsum,
1223 3737 1283 3812 illn
1300 3759 1399 3810 vernn

388 3833 626 3922 persuaderent
643 3839 738 3910 Unde
755 3837 969 3936 Philosophus
985 3846 1026 3918 ed
1043 3846 1353 3924 Nioomnchunrzllr
1365 3849 1399 3918 iis

387 3945 483 4034 roim,
501 3946 618 4044 inqiut,
634 3973 713 4044 poue
730 3954 768 4026 io
780 3959 990 4050 pueriouihru,
1007 3973 1037 4032 rt
1053 3963 1239 4054 ustionibus.
1257 3982 1401 4038 m
