2914 4982
472 415 543 490 588
744 431 788 486 nn
812 429 1012 484 mensumn

444 543 649 618 Deninrnnda
659 539 760 636 igitur
768 540 835 612 dnn
850 550 942 610 sunt:
957 561 1098 636 qnorum
1114 563 1217 613 nnnm
1232 551 1373 642 estquod
1440 575 1441 582 ι

368 660 565 756 quicumque
582 657 706 728 bonum
724 653 928 749 reipublicae
941 653 1089 738 intendit,
1106 656 1205 728 iinem
1227 659 1306 754 jmis
1328 664 1372 732 in-

368 773 585 846 tenditznliud
603 783 659 854 est,
670 773 757 867 quod
768 773 935 843 Romanus
951 771 1089 864 populus
1105 771 1303 866 subjiciendo
1319 775 1372 848 sihi

367 889 482 959 omem
499 887 624 958 nonum
641 885 811 979 publicum
827 883 974 955 intendit
984 885 1245 979 Nnnnangnntm
1260 890 1297 959 nd
1309 913 1377 982 pm-

367 1003 508 1096 pnsitnm
523 1001 579 1072 sie.
596 1001 787 1095 Quicunque
810 1000 911 1070 iinem
933 1000 1017 1094 juris
1042 999 1191 1082 intendit,
1218 1023 1289 1073 num
1309 1005 1376 1098 jure

367 1118 534 1211 gradituri
550 1119 720 1188 Romanus
737 1115 875 1208 populns
899 1109 1103 1210 subjiciendo
1119 1115 1183 1186 sihi
1201 1117 1324 1200 orbem,
1344 1121 1375 1190 ii·

365 1250 443 1301 nem
456 1232 541 1326 juris
565 1231 714 1312 intendit,
732 1240 767 1299 ut
792 1227 965 1300 manifeste
990 1252 1050 1322 per
1072 1229 1242 1322 superium
1268 1233 1302 1302 in
1324 1233 1375 1302 istn

364 1345 518 1438 Cupitnlo
534 1355 582 1415 est
611 1341 798 1438 probitum:
816 1345 906 1438 Ergo
932 1347 1100 1416 Romanus
1124 1347 1263 1439 populus
1285 1347 1374 1440 snbji-

365 1460 483 1530 ninndo
499 1461 561 1530 sibi
580 1459 706 1542 orbem,
716 1481 791 1530 eum
805 1459 882 1554 jure
898 1457 960 1529 hnc
970 1460 1063 1530 iscitt
1073 1468 1104 1530 et
1114 1483 1375 1558 penennseqnm

365 1573 406 1644 de
418 1575 494 1668 jum
510 1575 574 1646 sibi
593 1573 730 1646 adscivit
746 1573 880 1667 Imperii
897 1574 1102 1667 dignitatem.¹
1111 1577 1205 1661 Quae
1223 1579 1374 1648 nonniusin

364 1711 406 1759 ex
422 1687 578 1758 omnibns
594 1687 776 1759 manifestis
794 1687 886 1758 illata
904 1695 960 1757 eet.
978 1687 1188 1760 Manifestum
1207 1700 1256 1760 est
1271 1701 1372 1768 nmen,

364 1803 451 1897 qnod
468 1803 602 1875 (linitum
618 1803 704 1897 quod
720 1802 918 1896 quicumque
935 1803 1035 1873 iinem
1049 1803 1135 1896 juris
1152 1803 1299 1884 intendit,
1308 1827 1368 1874 mn

361 1916 439 2010 jum
455 1917 613 2009 graditur.
630 1917 680 1986 Ad
698 1915 789 2010 eujm
800 1916 1012 1986 ‘evidentiam
1040 1918 1285 1997 advertendum,
1297 1915 1366 2011 quoi

364 2030 587 2125 quenlibetnes
602 2042 649 2102 est
666 2044 799 2125 propter
814 2029 957 2124 aliquem
974 2030 1085 2113 finem,
1102 2031 1200 2101 nliten
1215 2031 1367 2102 msetntin·

364 2145 518 2238 estquod
536 2167 604 2216 esse
621 2143 687 2214 nnn
704 2153 817 2238 potest,
833 2155 869 2214 ut
885 2147 1032 2237 superius
1048 2145 1229 2216 dicebatur.
1250 2149 1290 2218 Et
1304 2169 1370 2241 qne·

364 2257 581 2328 mndmndnm
596 2257 704 2328 omnis
714 2281 765 2328 nes
780 2266 828 2328 est
845 2258 885 2329 nd
904 2259 1075 2353 propnium
1092 2257 1204 2338 finem,
1214 2259 1263 2330 sic
1280 2257 1372 2330 nnnit

366 2367 441 2439 finis
458 2371 626 2464 pmpninm
640 2367 744 2442 'habet
760 2393 830 2440 rnm
849 2371 940 2465 nujus
957 2382 1004 2442 est
1021 2372 1103 2442 iinis
1120 2373 1217 2444 Unde
1240 2372 1372 2468 imposi-

365 2481 433 2554 hile
449 2494 505 2567 est,
523 2483 632 2578 ulique
648 2487 712 2556 duo
737 2507 797 2581 pen
820 2507 854 2554 se
878 2483 1050 2578 loquendo,
1068 2487 1102 2556 in
1127 2500 1282 2580 quantum
1304 2488 1368 2567 dno,

364 2596 464 2670 finem
482 2597 632 2669 eumdem
650 2598 832 2669 intendens:
846 2599 1035 2690 'sequeretur
1050 2598 1139 2669 enim
1158 2599 1241 2670 idem
1267 2599 1365 2668 innon·

364 2717 508 2797 veniens,
533 2715 618 2808 quod
644 2714 784 2784 alterum
810 2712 933 2782 scilicet
958 2723 1040 2783 esset
1061 2715 1190 2784 frustm.
1204 2715 1282 2784 Cum
1297 2731 1368 2806 sign

357 2828 447 2924 juris
455 2827 531 2900 finis
546 2827 679 2923 quidem
695 2826 747 2908 sit,
757 2835 794 2896 ut
805 2825 878 2920 jam
894 2826 1094 2898 decimatum
1110 2837 1174 2896 est:
1184 2847 1307 2898 net-mss
1320 2833 1368 2904 est,

364 2943 434 3012 sine
451 2943 509 3014 illo
527 2942 641 3037 posits,
654 2942 709 3036 jus
726 2938 815 3034 poni,
832 2961 907 3010 snm
924 2939 966 3010 sit
983 2941 1136 3034 proprius
1152 2952 1185 3012 et
1202 2965 1262 3036 per
1276 2965 1305 3012 se
1323 2941 1366 3032 jn·

364 3055 410 3126 nin
425 3057 563 3127 eiimtm.
581 3059 624 3126 m
648 3079 723 3126 num
750 3056 786 3126 in
810 3055 902 3124 omni
929 3055 1157 3150 nnmnquentia
1183 3053 1366 3152 impossibiie

363 3171 405 3242 sit
422 3169 543 3241 habene
559 3171 751 3240 antecedens
767 3169 887 3264 suque
904 3165 1127 3264 consequente,
1154 3183 1190 3242 ut
1215 3171 1365 3242 hominen

361 3287 433 3357 sine
450 3283 597 3366 animali,
612 3283 695 3354 sieut
712 3293 800 3378 petet
816 3285 1032 3354 nonstnuemin
1054 3293 1087 3354 et
1111 3285 1315 3357 destruendo:
1329 3280 1364 3350 sin

364 3398 565 3494 impossibile
581 3408 637 3479 est,
644 3396 728 3492 juris
744 3398 843 3473 [inem
851 3397 1183 3492 qmnneresinejme,
1194 3421 1270 3470 enm
1284 3417 1364 3493 qnae·

362 3510 444 3582 libet
462 3537 512 3584 res
528 3513 569 3584 ed
588 3511 757 3606 proprium
774 3510 874 3582 iinem
891 3533 925 3581 se
940 3509 1070 3593 habent,
1082 3511 1169 3582 seint
1187 3525 1364 3605 tnnanseus

363 3626 405 3696 nti
423 3627 624 3696 anteiedens
633 3629 719 3698 Nam
737 3623 939 3718 impossibiie
955 3636 1011 3704 est,
1022 3625 1145 3696 bonnm
1162 3622 1362 3696 telenniinen

364 3739 594 3811 membmnnm
609 3739 853 3833 attingeremus
870 3739 1017 3810 sanitate.
1042 3741 1178 3833 Propter
1201 3739 1289 3836 quoi
1309 3729 1362 3804 eti·

362 3851 550 3925 sicutissime
567 3862 664 3945 petet,
680 3853 766 3949 quud
782 3851 882 3923 finem
894 3852 982 3946 juris
1006 3851 1238 3933 inienlsntem.
1254 3851 1358 3946 npnnd

360 3967 530 4062 munium
546 3966 729 4047 intenderet
746 3989 807 4039 nec
823 3966 911 4042 valet
928 3967 1082 4066 instantis
1099 3991 1183 4062 quas
1207 3955 1359 4038 devenit
