2978 4984
513 427 589 499 uto'
793 439 1063 494 muomrumn·

412 555 649 634 ettestumesu
665 549 720 624 scd
734 557 897 645 quantum
914 547 956 618 ed
973 547 1091 623 melius
1106 555 1141 617 ot
1155 541 1329 616 virtuosius
1349 543 1414 634 ope·

411 669 560 749 randum,
578 663 695 758 recipit
711 663 834 756 aliquid
852 687 872 733 a
890 660 975 740 Sole,
984 661 1064 755 quia
1080 661 1189 732 luoem
1200 658 1412 738 rumonim

410 777 476 878 apua
487 789 630 874 recepta,
645 777 819 851 virtuosius
834 786 1001 870 operatur.
1017 775 1072 849 Sic
1088 797 1172 868 crgo
1183 774 1270 855 dieo,
1280 775 1359 867 quot
1374 797 1415 842 uu

390 915 515 992 ,guum
530 893 711 989 temporale
728 915 793 962 non
808 890 926 984 recipit
950 913 1018 960 esse
1043 913 1065 960 a
1088 887 1265 984 spirituali,
1280 911 1340 958 uec
1360 887 1414 956 vir

409 1021 513 1083 tutem
527 1011 630 1104 ¹(quae
647 1016 694 1079 ast
708 1007 779 1101 ejus
794 1003 997 1098 auctoritas),
1013 1027 1075 1076 nec
1089 1003 1191 1076 etiarn
1206 1002 1413 1096 operationem

409 1121 617 1216 simpliciter:
634 1124 688 1194 sed
706 1121 789 1192 beue
806 1120 849 1192 ab
865 1139 906 1191 eo
922 1117 1049 1213 recipit,
1065 1128 1102 1192 ut
1118 1116 1298 1189 virtuosius
1320 1139 1410 1208 opor

412 1247 465 1308 tur
481 1259 539 1330 per
553 1237 662 1308 lucem
678 1235 814 1330 matius,
830 1255 933 1330 mam
948 1235 986 1305 in
1004 1233 1095 1306 eoelo
1112 1243 1146 1305 et
1162 1233 1197 1303 in
1222 1243 1313 1304 terra
1336 1232 1411 1302 hena

411 1351 512 1422 dictio
528 1351 648 1422 summi
664 1349 828 1443 pontilicis
841 1348 990 1421 -iuluudit
1015 1347 1076 1420 illi
1093 1351 1136 1420 llt
1162 1347 1236 1419 ideo
1261 1363 1412 1439 argum

411 1475 485 1536 tum
501 1465 658 1557 peccabat
675 1465 710 1533 in
726 1465 851 1535 torma:
867 1461 948 1558 quia
965 1463 1191 1556 praedicatum
1207 1455 1413 1530 iucouclmio·

411 1601 454 1650 ne
470 1601 537 1650 uon
554 1587 601 1650 est
616 1577 804 1648 extremitas
820 1577 967 1672 majoris,
984 1586 1023 1647 ut
1047 1588 1146 1670 patet
1170 1573 1320 1648 Prooedit
1341 1569 1414 1640 euim

412 1690 475 1762 sic:
492 1695 586 1761 Luna
603 1689 720 1785 recipit
736 1691 845 1762 lucem
869 1691 993 1772 escle,
1009 1689 1065 1784 qui
1091 1701 1140 1762 est
1164 1689 1309 1782 regimen
1331 1681 1416 1777 spiri-

413 1806 518 1876 tualc:
535 1804 684 1898 regimen
701 1803 882 1898 temporale
899 1817 949 1874 est
965 1808 1072 1876 luna:
1090 1825 1170 1898 ergo
1186 1801 1324 1896 regimen
1340 1809 1413 1866 tem-

413 1919 527 2013 porale
544 1918 662 2009 recipit
677 1917 907 1990 auctoritatem
923 1941 944 1990 a
969 1918 1132 2012 regimine
1156 1915 1322 2011 spirituali.
1336 1913 1410 1982 Nam

415 2032 451 2102 in
477 2029 684 2102 extremitate
707 2031 863 2124 majoris,
888 2041 1016 2126 ponunt
1038 2031 1163 2104 luoom:
1189 2031 1224 2100 in
1252 2027 1412 2123 praelicato

415 2167 495 2218 vero
512 2141 738 2224 conclusionis,
757 2144 1001 2216 auctoritatem:
1016 2165 1101 2238 quae
1115 2154 1191 2216 urat
1215 2165 1268 2213 res
1290 2139 1414 2210 tieem

417 2256 563 2350 subjecto
579 2267 612 2326 et
629 2257 767 2338 ratione,
783 2265 821 2326 ut
837 2258 944 2328 visum
960 2269 1009 2328 est
1024 2280 1131 2350 supra.

493 2372 669 2442 Assumunt
686 2371 787 2442 etium
803 2383 1037 2465 argumentum
1046 2373 1087 2443 de
1103 2372 1200 2442 litem
1210 2369 1316 2464 lloyui
1322 2367 1417 2438 limu-

417 2493 475 2566 tes,
492 2485 579 2578 qrrod
596 2485 637 2556 dc
651 2485 778 2556 temore
795 2486 900 2558 Jacob
918 2485 1014 2556 tluxit
1031 2485 1138 2577 ligura
1152 2483 1273 2557 horum
1296 2483 1417 2552 duom

418 2595 631 2688 regiminum,
646 2597 725 2692 quia
740 2598 822 2670 Levi
840 2608 872 2668 et
889 2599 1006 2680 Judas3
1024 2621 1166 2692 quorum
1183 2599 1269 2668 ulter
1290 2596 1343 2666 tuit
1366 2617 1415 2686 pa-
1467 2629 1468 2634 =

417 2720 468 2782 ter
481 2711 664 2794 sacerdotii,
681 2713 763 2782 alter
788 2733 867 2785 vero
891 2711 1063 2806 regiminis
1087 2711 1288 2806 temporalis
1305 2707 1415 2780 Deinde

417 2827 466 2898 sic
490 2835 631 2920 arguunt
657 2849 697 2898 ex
722 2826 777 2896 iis:
795 2827 1081 2913 Quemadmodum
1106 2847 1141 2896 so
1166 2825 1284 2897 habuit
1298 2819 1416 2894 lerial

417 2941 552 3022 ludam,
569 2940 616 3010 sio
632 2939 781 3012 sehabet
798 2943 945 3014 Ecclesia
962 2943 1003 3014 ad
1021 2941 1212 3034 Imperium
1238 2941 1320 3012 Levi
1344 2963 1416 3034 pne·

419 3053 513 3122 cessit
529 3054 651 3124 ludam
668 3055 703 3124 in
720 3054 901 3138 nativitate,
919 3067 956 3128 ut
974 3065 1062 3149 patet
1079 3056 1113 3127 iu
1130 3056 1245 3127 literar
1271 3079 1348 3150 erpo
1368 3055 1415 3124 lo

304 3203 310 3212 ·
420 3165 520 3237 clesia
537 3168 701 3260 praesedit
720 3170 900 3264 Imperium
927 3171 962 3240 in
988 3168 1191 3242 auctoritate.
1206 3171 1250 3240 Et
1276 3171 1337 3241 lroc
1357 3187 1416 3238 rem

419 3281 460 3352 de
477 3281 568 3352 lucili
583 3282 739 3364 solvitm3
756 3308 834 3356 nam
851 3307 927 3355 cum
944 3285 1067 3368 dicunt,
1083 3287 1171 3378 quod
1189 3286 1271 3357 levi
1287 3283 1417 3358 et-lndo,

420 3395 482 3468 filii
499 3398 614 3478 Jacob,
631 3397 772 3492 figurant
789 3399 850 3470 ista
866 3401 932 3470 duo
948 3399 1122 3492 regimina,
1139 3423 1272 3494 possum
1288 3396 1416 3470 simliter

419 3509 484 3581 hoc
499 3511 717 3584 interimendo
742 3512 933 3595 dissolvere;
955 3516 1010 3584 scd
1036 3513 1240 3586 eouoedatur.
1266 3509 1415 3606 arguens

420 3622 580 3696 inierunt:
598 3625 689 3698 Sicut
705 3627 783 3698 Levi
801 3629 965 3721 praecedit
981 3628 1017 3698 in
1034 3629 1215 3708 nativitate,
1232 3628 1281 3698 sic
1297 3621 1414 3698 ΒΜ

420 3736 455 3806 ἰιι
473 3738 674 3811 auctoritate.
692 3739 776 3809 Diuo
794 3740 960 3812 similiter:
977 3743 1072 3827 Quod
1090 3742 1179 3812 aliud
1197 3755 1246 3812 est
1275 3736 1413 3833 praelis·-

420 3859 491 3921 tum
509 3850 734 3935 conclusionis,
752 3861 784 3924 et
800 3853 890 3928 uliud
907 3855 1015 3949 major
1032 3854 1232 3926 extremitas.
1248 3857 1328 3926 Nam
1342 3841 1409 3918 ollfll

422 3973 468 4034 est
484 3961 670 4050 auctoritas,
698 3975 731 4038 et
757 3967 847 4042 uliud
873 3968 1037 4054 nativitas,
1053 3968 1200 4062 subjecto
1231 3983 1266 4040 ot
1296 3962 1411 4038 nuum:
