2890 4978
380 445 479 494 umas
505 443 667 494 sscusnus
883 427 956 494 487
1078 485 1086 500 ‚
1166 495 1168 502 ,

55 555 136 641 Quod
153 571 288 624 carmen
298 549 373 620 licet
389 545 632 640 ‹lecasyllnbum
651 547 993 629 videaumsecuudum
1011 547 1060 618 nei
1089 627 1102 648 Α,

55 667 220 745 conulem,
247 661 533 755 endecasyllabum
560 671 617 740 osb
641 683 719 732 nam
743 662 826 734 duae
851 673 1063 732 consonantes
1093 699 1097 704 ·

55 789 202 848 noemae
219 799 288 846 non
299 787 375 846 sunt
390 776 430 845 <lc
447 774 563 844 sillaba
580 776 801 866 praecedento.
817 777 860 846 Et
883 776 960 846 licet
985 799 1062 868 pro-

59 890 151 983 priam
167 891 321 960 vocalem
339 911 405 958 non
423 889 573 969 babeant,
592 887 748 957 virtutem
765 888 910 980 syllabae
928 911 994 960 non
1010 901 1060 960 ta·

56 1025 117 1074 nen
131 1005 295 1076 amittunt
314 1004 453 1097 Signum
470 1013 579 1072 autem
597 1003 756 1096 estquod
774 1002 914 1074 rithmus
930 1003 978 1073 ibi
994 1025 1062 1074 una

56 1117 143 1186 mati
160 1118 340 1210 perficitur,
357 1119 445 1212 quod
462 1138 529 1188 esse
545 1139 611 1186 non
630 1126 744 1210 posset,
763 1115 827 1188 nisi
843 1118 963 1190 virute
981 1117 1061 1188 alte·

57 1230 110 1302 nus
124 1232 168 1302 ibi
183 1233 441 1304 nnbintellectae.
511 1281 517 1298 f

407 1349 479 1418 Rex
496 1347 686 1418 Navarriaet

115 1457 159 1528 Dc
174 1463 223 1552 fio
240 1463 345 1530 Amor
359 1463 388 1546 si
403 1462 489 1530 nient
504 1485 558 1530 seo
575 1473 603 1531 ct
620 1463 720 1532 bonu.

59 1570 147 1644 Ulisi
163 1576 387 1649 consideretur
403 1569 563 1660 accentus,
580 1588 612 1649 et
628 1579 699 1672 ejus
715 1601 821 1656 cama.
837 1577 1058 1674 endecasylla-

59 1681 120 1756 bum
135 1711 198 1760 esse
214 1690 389 1762 constabit

390 1804 497 1877 Guido
514 1806 697 1878 Guinizelli:

112 1915 148 1985 at
161 1939 238 1990 coos
253 1919 354 2011 ocati!
369 1921 483 2011 ripam
499 1940 617 2011 mmpre
633 1923 759 1992 Amore.
874 1999 877 2004 ,

254 2035 365 2104 Judex
380 2035 421 2104 ‹le
437 2033 608 2104 Columnis
624 2035 664 2104 cle
682 2036 832 2106 llessinaz

115 2145 214 2231 Amor,
230 2151 285 2218 ebe
303 2151 513 2239 looyiomcotc
529 2151 631 2218 m'boi
647 2163 780 2220 nouato.

344 2263 522 2333 ¹llenaldns
537 2263 578 2332 de
595 2263 735 2356 Aquinot

117 2373 175 2444 Per
187 2377 236 2466 fio
250 2378 369 2446 Amore
387 2399 427 2444 co
443 2377 470 2445 sl
485 2379 669 2447 taumate.

375 2488 477 2560 Cinus
494 2491 705 2562 Pistoriensist

113 2597 179 2670 Noa
192 2623 294 2693 span,
311 2603 364 2674 aba
379 2603 532 2694 yinmomi
544 2625 604 2696 per
618 2607 686 2676 min
701 2605 809 2675 utute:

424 2716 562 2789 Amicus
577 2717 657 2811 ejus:

115 2825 213 2911 Amor,
229 2832 282 2900 aba
299 2833 410 2902 mucci
427 2845 482 2901 tan
497 2833 585 2902 virtu
601 2834 656 2900 dal
671 2833 759 2901 ciclo.

64 2927 170 3008 illinet
184 2942 245 3014 boc
269 2945 557 3038 endecasyllabum
583 2945 835 3018 celeberrimum
860 2969 1003 3028 cutmen,
1019 2958 1056 3022 ut

63 3039 168 3134 lignum
190 3069 246 3140 est,
272 3058 425 3130 videatur
449 3060 601 3156 omnium
628 3059 780 3141 auorum,
806 3057 834 3131 si
860 3063 1055 3156 eptasyllabi

63 3154 208 3252 thualem
234 3173 424 3244 societatem
452 3183 605 3255 assumat,
625 3173 804 3244 dummodo
833 3173 1056 3267 principatum

64 3267 187 3362 llliucat,
203 3285 323 3357 clarius
332 3286 500 3380 magisque
516 3309 644 3358 sursum
659 3286 827 3378 superbire
845 3286 984 3366 videtur,
1001 3288 1055 3356 sod

65 3375 246 3470 munaus
270 3401 501 3473 elucidandum
526 3412 705 3472 remaneat
730 3403 774 3472 Et
798 3400 938 3472 dicimus
963 3408 1055 3492 epta-

64 3495 194 3584 bltbum
210 3515 300 3608 sequi
317 3499 408 3597 iuuu',
423 3515 511 3608 quod
527 3514 714 3586 maximum
730 3523 778 3584 est
795 3514 830 3584 in
855 3513 1052 3584 celebritate

64 3603 185 3688 ΜΝ
200 3629 473 3722 pentasyllabum
489 3637 522 3698 et
545 3627 662 3702 deinde
687 3627 895 3722 tsisyllabum
920 3627 1052 3698 ordina·

64 3737 125 3846 'tuo
140 3733 408 3836 Enneasyllabum
423 3763 512 3826 vcro,
527 3743 605 3838 qiua
617 3743 820 3836 triplicatum
838 3742 1049 3837 trisyllabum

65 3835 212 3960 illibatus,
228 3856 279 3926 vel
297 3880 464 3952 nunquam
482 3858 518 3928 iu
534 3856 658 3928 bonore
675 3857 746 3944 luit,
765 3857 816 3929 vel
843 3869 975 3951 pmpter
1001 3858 1050 3927 la-

65 3951 169 4032 ⁸1¹dium
177 3964 323 4046 absoluit:
334 3971 551 4066 patisyllabos
561 3996 640 4046 vem
657 3983 790 4068 propter
804 3974 855 4046 sui
874 3972 1049 4046 mditatem
