2978 4984
495 437 568 504 oet
771 453 817 504 on
842 451 1041 506 meracam

394 583 475 652 pore
492 559 650 632 Desiderii
669 560 755 654 regis
772 581 899 642 eorum,
916 571 949 632 et
963 559 1050 656 qnod
1066 558 1207 630 Carolus
1233 558 1278 628 ah
1306 581 1348 629 eo
1370 583 1416 630 re-

393 675 481 768 cepit
508 673 640 767 imperii
665 674 870 768 dignitatem,
897 698 962 745 non
988 673 1148 756 obstante,
1162 675 1254 770 qnod
1280 673 1415 745 llichad

394 789 578 882 imperabat
594 789 680 882 apud
696 787 1024 882 Constantinopolim.
1040 791 1177 882 Propter
1192 787 1283 883 qnod
1302 787 1413 863 dicant

389 903 477 996 qnod
495 901 680 995 omnesqui
697 903 830 976 inerunt
854 905 1080 975 Romanomm
1105 904 1330 994 Imperatores
1353 913 1412 994 pert

393 1017 512 1110 ipsum,
530 1029 562 1087 et
579 1015 657 1110 ipse,
674 1016 824 1090 advocati
842 1016 1006 1090 Ecclesiae
1022 1027 1107 1098 suot,
1117 1027 1150 1086 et
1165 1015 1291 1086 dehent
1307 1017 1412 1087 ahEc-

394 1131 493 1204 clesia
509 1130 674 1204 advocari.
691 1133 742 1202 Ex
758 1154 824 1226 qrro
841 1131 942 1224 etiam
958 1143 1146 1228 sequeretnr
1162 1129 1221 1200 illa
1238 1131 1409 1224 dependen-

392 1245 451 1330 tia,
469 1269 569 1340 qnam
587 1247 779 1318 concludere
795 1247 919 1319 volum„
930 1249 973 1318 lit
990 1247 1032 1318 ad
1049 1245 1112 1316 hoc
1130 1244 1355 1340 instigandum
1367 1245 1409 1316 di·

394 1383 444 1442 co,
460 1363 548 1456 qnod
566 1361 650 1434 nihrl
666 1357 797 1442 dicuni3
815 1361 983 1456 usurpatio
999 1361 1087 1434 enim
1093 1359 1180 1457 juris
1192 1382 1260 1430 non
1271 1361 1407 1455 iacitjne

393 1478 479 1550 Nam
497 1475 524 1548 si
540 1475 597 1558 sic,
607 1476 723 1548 eodem
742 1478 839 1558 modo
856 1477 1032 1550 auotoritas
1048 1475 1216 1548 Ecclesiae
1227 1475 1409 1570 muhamet

391 1590 576 1684 dependere
601 1589 645 1662 ah
672 1591 889 1683 imperatore:
914 1601 1085 1686 postquam
1109 1587 1213 1660 Ottho
1239 1591 1410 1682 immutor

394 1709 539 1778 Leonem
566 1708 690 1801 Papam
716 1705 865 1786 restitnit
882 1715 914 1778 et
940 1705 1153 1778 Benedictnm
1179 1703 1328 1798 depuerit.
1349 1725 1406 1772 aec

394 1845 461 1894 non
480 1820 514 1891 in
531 1820 668 1893 entium
685 1819 720 1890 in
737 1821 915 1893 Saxoniam
933 1821 1034 1894 drmit

471 1935 611 2006 Ratione
628 1956 708 2004 vero
721 1932 770 2004 sic
786 1945 939 2028 arguunt
950 1937 1091 2008 Sumnnt
1106 1933 1230 2006 etenim
1246 1933 1304 2004 echi
1319 1930 1402 2028 prin·

391 2050 517 2144 cipium
533 2049 573 2120 de
589 2049 718 2122 decimo
729 2049 856 2145 primae
872 2047 1110 2141 Philosophiae,
1126 2048 1286 2119 dicentur
1296 2047 1402 2120 Omnia

390 2186 479 2256 quae
496 2171 572 2234 sunt
589 2163 684 2234 onim
701 2162 830 2256 generis
846 2163 1046 2235 reducuntur
1061 2163 1103 2234 ad
1130 2185 1234 2234 unum
1261 2161 1343 2258 qnod
1363 2171 1404 2232 eet

395 2297 550 2346 mensura
567 2275 719 2347 omnium
735 2299 820 2369 quae
835 2275 898 2346 suh
916 2275 975 2346 illo
991 2297 1111 2370 genere
1127 2287 1212 2348 snat.
1228 2277 1294 2349 Sed
1309 2297 1407 2348 omnm

396 2387 547 2462 homines
556 2403 629 2462 sunt
640 2389 736 2464 nnius
744 2389 882 2484 generis:
894 2391 982 2484 Ergo
991 2390 1110 2462 dehent
1126 2391 1240 2464 reduci
1251 2392 1293 2464 ad
1309 2415 1406 2468 nun.

307 2591 311 2598 Ι
393 2514 554 2597 tanquam
571 2505 612 2576 ad
630 2527 817 2576 mensuram
833 2504 987 2578 omnium
1002 2527 1127 2576 ennam.
1138 2507 1180 2576 Et
1190 2529 1269 2576 cnm
1278 2527 1405 2578 munos

394 2617 540 2688 Antiates
555 2631 588 2690 et
604 2621 788 2711 Imperator
804 2621 870 2692 sint
886 2618 1048 2702 homines,
1063 2618 1092 2690 si
1109 2617 1279 2690 mnetmto
1294 2619 1342 2690 illa
1362 2625 1404 2686 ert

393 2756 484 2812 vera,
501 2744 629 2826 oportet
645 2735 732 2826 qnod
758 2736 955 2806 reducantur
979 2735 1021 2806 ad
1048 2755 1153 2806 unum
1177 2731 1352 2806 hominen.
1365 2731 1402 2800 lit

392 2867 469 2916 cnm
481 2847 573 2938 Papa
590 2870 655 2918 non
672 2847 714 2919 sit
731 2846 930 2920 reducendae
940 2850 982 2920 ad
993 2845 1403 2944 alium‚relinqnitnr‚qood

392 2959 585 3053 imperator,
601 2983 677 3032 cum
693 2961 847 3034 omnihus
863 2961 948 3044 aliis,
964 2963 1007 3033 eit
1023 2961 1226 3034 reducendae
1242 2963 1286 3034 ad
1303 2963 1404 3058 ipsum

392 3083 563 3166 tamqnam
581 3077 623 3146 ad
640 3099 827 3148 mensuram
844 3087 877 3147 et
893 3077 1053 3171 regulam
1065 3079 1203 3170 Propter
1216 3075 1403 3172 modern·

393 3199 450 3260 tnr
466 3188 567 3260 etiam
587 3188 673 3261 idem
690 3192 778 3287 quod
795 3191 920 3262 volunt
938 3191 990 3264 hd
1007 3189 1095 3263 hanc
1112 3191 1277 3264 rationem
1292 3191 1404 3262 solra·

394 3301 485 3384 dam,
500 3303 575 3376 dieo
590 3303 676 3398 «prod
693 3327 769 3376 cum
784 3305 907 3388 dicunt,
923 3329 963 3376 ea
978 3316 1156 3402 quaesunt
1174 3307 1271 3380 onim
1285 3323 1403 3402 gem

395 3426 528 3510 oportet
545 3413 620 3488 duci
638 3421 680 3490 ad
696 3419 829 3515 aliquod
843 3441 949 3492 unum
965 3420 1007 3490 de
1032 3419 1092 3492 illo
1116 3443 1248 3514 genere,
1263 3419 1345 3516 qnod
1365 3425 1404 3488 eet

399 3539 543 3602 metrum
561 3531 595 3602 in
614 3533 694 3626 ipso,
711 3555 829 3604 verum
844 3531 967 3606 dicunt
983 3535 1027 3606 Et
1049 3533 1209 3608 similiter
1231 3557 1341 3608 vernn
1362 3531 1402 3602 di·

395 3649 483 3724 cnnt,
501 3643 653 3730 dicentes,
670 3647 757 3742 quod
774 3668 889 3720 omnes
904 3647 1056 3722 homines
1073 3661 1148 3720 mnt
1167 3649 1262 3722 nnim
1284 3645 1399 3743 gmeth

394 3753 438 3824 Et
462 3753 615 3832 similiter
640 3783 755 3834 verum
781 3762 996 3844 concludunt,
1022 3787 1097 3834 cam
1124 3763 1270 3836 inierunt
1292 3785 1328 3833 ex
1349 3757 1397 3834 hit

392 3887 508 3938 omnes
517 3868 669 3944 homines
685 3897 752 3944 esse
769 3875 967 3948 reducendos
976 3877 1018 3947 ad
1036 3899 1138 3950 nnnm
1151 3889 1290 3950 metrum
1306 3874 1392 3944 nm

392 4005 521 4076 genere.
538 3985 601 4058 Sed
625 4009 702 4058 cnm
729 4011 770 4058 ex
797 3985 864 4060 ¹hac
897 3988 1108 4062 conclusione
1141 3977 1392 4062 sabinen-tte
