2978 4984
507 420 579 488 ott
787 433 1047 488 nrnornncnrn

405 543 584 620 authoritas
609 539 807 616 Monarchae
833 539 985 623 Romani,
1001 539 1058 634 qui
1083 537 1124 612 de
1145 541 1396 636 jarentonem·

404 661 517 733 mnndi
535 670 591 741 est
607 667 643 730 nt
659 657 694 728 in
711 657 851 728 meando
867 657 954 728 libro
972 655 1146 750 probatum
1162 666 1220 736 est,
1236 655 1397 728 immed'utr

404 801 425 848 a
442 779 513 847 Deo
529 772 726 869 dependeatr
737 793 780 844 an
796 771 840 842 ab
857 770 967 864 aliquo
984 768 1046 840 Dei
1064 767 1191 840 rican‘o
1201 767 1255 838 rei
1265 769 1398 850 minium

403 913 500 987 quem
527 888 613 960 Petri
637 908 851 958 sncooesorem
870 883 1028 978 intelligo,
1044 883 1101 980 qui
1119 905 1196 955 rere
1216 893 1264 956 est
1278 885 1400 978 claviger

404 1001 498 1099 regni
515 1004 692 1074 caelorum

479 1683 530 1758 ad
565 1693 766 1778 praesentem
799 1685 1022 1779 quaestionem
1046 1683 1305 1768 domitandam,
1331 1683 1400 1757 sinit

405 1799 441 1871 in
466 1799 686 1895 superioribus
711 1812 758 1870 eet
783 1811 968 1894 perunum,
995 1799 1127 1896 aliquod
1152 1801 1338 1895 principiam
1358 1809 1398 1868 st

404 1918 612 2006 sumendum,
631 1917 664 1986 in
682 1917 801 1988 virtute
818 1917 918 2011 eujus,
936 1919 1130 2012 aperiendae
1155 1918 1294 1992 veritatis
1314 1941 1397 2010 argu-

406 2041 517 2104 menta
542 2032 730 2102 formentur.
747 2033 834 2102 Nam
858 2032 930 2104 sine
955 2033 1099 2125 praefixo
1125 2032 1295 2127 principio,
1315 2029 1399 2100 etiam

406 2169 486 2218 vera
509 2141 656 2228 dicendo,
673 2146 823 2218 laborare
848 2147 926 2241 qaid
953 2149 1101 2240 prodest?
1126 2171 1202 2217 rum
1229 2144 1399 2241 principiam

380 2340 383 2352 ⁵
407 2257 513 2332 salum
531 2260 799 2331 assumendorum
825 2260 1008 2332 mediorum
1033 2262 1075 2332 sit
1100 2261 1204 2332 radix.
1221 2263 1308 2332 Haec
1323 2259 1403 2352 igitar

407 2373 644 2468 irrefragabilis
668 2375 787 2448 veritas
812 2376 1058 2470 praemittatur,
1083 2376 1206 2448 seilicet
1231 2377 1313 2472 quod
1340 2371 1401 2445 diod

406 2489 494 2584 quod
512 2501 648 2561 naturae
673 2488 846 2561 intentioni
870 2499 1042 2584 repugnat,
1058 2493 1146 2562 Deus
1171 2489 1265 2560 nolit.
1287 2483 1400 2562 Nansi

406 2603 470 2676 hoa
495 2627 610 2678 rerum
636 2627 702 2676 non
727 2614 824 2688 esset,
849 2605 1137 2677 eontradietorium
1162 2605 1235 2700 ejus
1259 2627 1315 2674 nun
1335 2607 1400 2672 eset

407 2720 543 2802 ratum:
560 2721 646 2816 quod
664 2727 727 2792 este
744 2723 852 2792 Deum
871 2741 936 2792 non
954 2721 1040 2791 nolle
1056 2721 1141 2816 quad
1160 2731 1293 2792 naturae
1314 2719 1402 2788 inten-

409 2833 491 2906 tioni
517 2847 686 2930 repugnat
713 2837 755 2906 Et
779 2833 806 2905 si
832 2834 895 2904 hoc
919 2845 1049 2906 nonest
1067 2835 1274 2916 iaisnm‚nee
1288 2853 1402 2926 sarno

406 2959 582 3041 sequumrn*
597 2949 639 3020 ad
657 2949 772 3043 ipsum
791 2949 996 3042 impossibile
1012 2949 1102 3020 enim
1119 2959 1176 3030 est,
1187 2951 1222 3020 in
1242 2945 1401 3020 amnia

409 3061 645 3156 consequentiis
668 3062 787 3134 salsum
812 3085 878 3134 esse
904 3085 1110 3159 consequens,
1127 3066 1331 3136 antecedente
1351 3081 1400 3132 nun

407 3171 490 3245 talso
506 3173 671 3246 existente.
681 3177 744 3250 Sed
754 3176 795 3249 ad
813 3199 877 3247 non
898 3178 993 3258 nolle,
1010 3179 1149 3248 aiteram
1165 3179 1304 3250 dnomm
1317 3171 1401 3268 sequi·

408 3297 462 3359 tur
476 3289 517 3360 de
534 3289 806 3373 detestaretur
824 3292 917 3374 velie,
936 3301 992 3364 ant
1011 3311 1077 3360 non
1094 3291 1193 3362 valle:
1203 3291 1286 3364 sicut
1300 3291 1335 3362 ad
1351 3307 1399 3356 nun

407 3403 509 3486 odire,
533 3405 714 3476 neeessario
738 3407 890 3503 sequitur,
916 3419 972 3478 ant
996 3429 1119 3489 amare,
1135 3417 1194 3476 ant
1218 3430 1281 3477 non
1296 3422 1399 3476 amare:

407 3517 578 3590 nonenim
598 3541 663 3590 non
680 3544 802 3602 amare,
819 3521 983 3602 estodirer
994 3543 1054 3592 nee
1071 3543 1136 3590 non
1154 3521 1248 3604 velle,
1264 3533 1309 3592 est
1323 3517 1399 3594 nuile.

408 3633 500 3702 atde
517 3655 551 3704 se
568 3645 664 3726 patet
682 3638 774 3722 Quae
791 3636 818 3706 si
835 3637 916 3708 talsa
936 3657 999 3706 non
1016 3648 1099 3716 sunt,
1118 3635 1180 3707 ista
1196 3657 1261 3707 non
1283 3635 1339 3706 erit
1353 3629 1398 3702 td

409 3766 459 3814 ra:
478 3748 565 3816 Deus
581 3749 650 3818 ruit
665 3750 751 3842 qaod
767 3771 843 3820 non
868 3751 956 3832 vult:
973 3750 1063 3844 cujus
1089 3750 1211 3820 falsitas
1236 3771 1300 3820 non
1323 3743 1396 3815 uta

408 3858 618 3952 superiorem.
635 3863 729 3948 Quod
747 3873 858 3935 autem
875 3887 991 3936 remor
1008 3863 1050 3934 sit
1066 3864 1152 3958 quod
1169 3859 1342 3944 dieitur,sia
1352 3855 1394 3922 it·

409 3975 513 4046 ciero:
531 3975 742 4050 Manifestum
767 3980 925 4075 estquod
950 3982 1037 4052 Deus
1061 3979 1163 4052 finem
1189 3991 1316 4053 naturae
1330 3967 1392 4044 ruit=
