2914 4982
467 414 540 484 ets
742 397 797 482 ne,
811 425 1011 492 murmuro

343 539 448 640 ‚sime
472 550 571 635 utque
595 536 761 632 potissime
787 537 850 612 huo
875 536 1026 610 retinent.
1044 537 1119 612 Hoc
1142 533 1235 618 viso,
1267 533 1379 608 iterun

362 655 571 730 menifestum
597 674 663 724 esse
688 660 805 746 potest
825 653 912 747 qnod
937 651 1019 724 liaeo
1041 649 1191 732 libertus,
1206 649 1277 720 sive
1297 649 1379 742 prin·

364 771 488 866 ulpium
512 767 576 838 hoe
600 767 697 840 totins
722 778 852 840 nostrae
876 765 1048 848 libertatis,
1064 777 1113 838 est
1128 768 1318 838 maximnm
1331 767 1379 836 do·

366 907 445 958 num
471 883 634 956 humanae
659 893 796 954 naturae
819 905 841 952 a
866 885 937 954 Deo
962 880 1133 954 comum:
1167 882 1253 977 quia
1280 905 1334 976 per
1360 879 1387 948 i-

366 1020 460 1092 psum
477 997 533 1068 hio
549 998 778 1080 foelicitemun
789 1005 825 1070 ut
834 996 1000 1078 homines:
1018 1019 1076 1090 per
1093 997 1206 1090 ipsum
1223 997 1311 1068 aliti
1327 997 1387 1068 loe·

365 1111 542 1196 lieitemur‚
560 1122 596 1186 ut
611 1112 668 1184 dii.
685 1113 780 1197 Quod
796 1111 824 1183 si
842 1112 890 1182 ite
914 1111 987 1193 erit,
1002 1112 1076 1206 quis
1099 1111 1164 1184 erit
1189 1111 1253 1206 qni
1280 1112 1384 1184 hrun-

366 1247 446 1298 num
464 1249 566 1322 genus
582 1225 707 1320 optime
723 1249 758 1298 se
776 1225 898 1298 habere
914 1247 981 1296 non
998 1223 1096 1307 dicet,
1121 1247 1200 1328 enm
1226 1227 1385 1319 pothino

365 1337 428 1419 hoe
445 1342 609 1436 principio
626 1341 726 1436 possit
740 1339 810 1412 uti?
828 1341 890 1414 Sed
907 1341 1047 1412 existens
1061 1339 1122 1412 sub
1139 1341 1335 1420 lloneoehn,
1348 1349 1389 1410 ed

368 1455 535 1550 potissime
559 1455 711 1528 liberum.
736 1456 873 1550 Propter'
897 1456 983 1550 quod
1009 1455 1191 1538 sciendum,
1208 1457 1298 1551 qnod
1318 1455 1390 1526 illud

369 1580 416 1642 est
431 1567 585 1652 liberum,
600 1571 686 1666 qnod
703 1569 831 1651 suimet
848 1581 881 1640 et
897 1590 961 1640 non
980 1570 1114 1642 alterius
1138 1570 1246 1663 grstia
1270 1579 1334 1640 ost:
1357 1579 1394 1638 nt

368 1681 567 1780 Philosopho
584 1683 699 1778 planet,
717 1685 752 1755 in
769 1683 810 1754 iis
825 1707 912 1780 quae
927 1685 968 1757 de
984 1684 1179 1778 simplicite·
1200 1693 1282 1756 ente
1299 1686 1389 1754 Nam

369 1797 403 1872 id
427 1797 513 1896 quod
539 1809 587 1870 est
612 1798 747 1876 ulterius,
770 1800 887 1891 gratie,
913 1799 1126 1872 necessitntur
1150 1799 1188 1870 ab
1212 1797 1269 1868 illo
1292 1796 1387 1889 enim

367 1915 474 2007 grstia
492 1923 548 1995 est,
564 1914 647 1984 sieut
662 1910 719 1984 viu
744 1911 953 1984 necessitutur
977 1936 999 1986 a
1022 1913 1175 1984 termine
1200 1915 1300 1985 Genus
1323 1911 1387 1980 lru·

367 2049 505 2116 menum
521 2029 627 2098 solnm
645 2027 828 2120 imperante
845 2027 1035 2108 Monarchu.
1052 2027 1112 2110 mi,
1129 2039 1163 2098 et
1180 2049 1248 2098 non
1262 2027 1388 2100 alterins

368 2138 485 2236 gretia,
503 2151 565 2212 est:
583 2149 660 2210 tune
685 2140 776 2212 onim
801 2142 907 2214 solum
933 2139 1073 2214 Politiae
1096 2142 1286 2235 diriguntur
1308 2139 1391 2212 obli·

367 2276 460 2349 quae,
485 2255 704 2326 democratiee
729 2254 869 2338 scilicet,
895 2255 1095 2348 olignrclriue
1120 2267 1223 2351 utqrm
1248 2255 1391 2352 tyrunni·

366 2369 443 2452 dees
465 2389 550 2464 quae
576 2368 825 2440 inservientem
850 2378 970 2463 ungunt
994 2392 1097 2462 genus
1127 2369 1336 2451 humanm,
1358 2375 1391 2438 nt

369 2489 457 2576 putet
481 2481 675 2552 discurrenti
702 2502 760 2573 per
784 2503 914 2563 omnes3
930 2492 963 2553 et
988 2483 1160 2577 pulitizant
1185 2485 1303 2576 Reges.
1318 2479 1391 2552 lsi-

368 2593 553 2676 socratici,
578 2617 660 2690 quos
682 2594 866 2688 Optimates
890 2605 1026 2678 vocant,
1051 2586 1085 2666 et
1101 2595 1220 2690 pupuli
1238 2593 1388 2666 libentis

368 2711 533 2803 zelntores.
549 2710 642 2796 Quin
663 2732 738 2782 oum
765 2707 946 2796 Menarchus
971 2710 1118 2782 maxime
1142 2709 1265 2804 diligat
1288 2707 1390 2780 hurni-

367 2847 435 2907 nes‚
452 2835 489 2894 ut
500 2821 574 2918 jem
590 2832 716 2896 tectum
732 2833 789 2905 est,
814 2824 886 2896 vult
910 2847 1024 2896 omnes
1048 2821 1201 2896 homines
1220 2825 1324 2894 boum
1339 2825 1390 2894 lie·

369 2938 417 3010 ri:
442 2940 529 3032 qnod
555 2961 622 3010 esse
654 2959 721 3010 non
754 2946 858 3032 potest
890 2939 975 3032 apud
1006 2937 1138 3033 oblique
1171 2941 1391 3032 politimntesz

367 3051 453 3124 unde
477 3048 693 3144 Philosophus
717 3049 753 3122 in
778 3051 845 3122 suis
860 3051 1005 3122 Politiois
1031 3051 1093 3124 ait:
1111 3053 1194 3143 quod
1221 3055 1260 3124 io
1278 3053 1387 3146 petron

368 3167 497 3256 obliquo
514 3167 613 3236 bonus
629 3167 724 3236 doute
740 3180 786 3238 est
802 3168 905 3238 stolus
921 3171 1017 3242 ciuis:
1032 3170 1070 3238 io
1086 3181 1171 3238 rento
1188 3193 1276 3251 nero,
1291 3171 1386 3238 m

368 3281 602 3353 homoeosis
620 3281 719 3350 tonos
735 3295 972 3352 convertuntur.
989 3282 1032 3354 Et
1049 3281 1242 3375 hujusmodi
1259 3281 1387 3377 pulitine

365 3405 472 3468 rectae
490 3395 677 3468 libertatem
695 3397 878 3478 intendunt,
895 3397 1019 3469 scilicet
1036 3408 1071 3470 ut
1087 3395 1243 3468 homines
1258 3411 1385 3492 propter

368 3533 403 3580 so
419 3509 493 3580 sint.
512 3511 584 3582 Non
602 3511 694 3581 enim
715 3508 803 3582 cives
820 3521 953 3604 propter
970 3508 1126 3589 eonsules.
1144 3533 1206 3581 nee
1223 3533 1304 3603 gens
1319 3533 1389 3604 prn-

368 3631 440 3714 pter
457 3623 595 3716 Regem:
612 3624 667 3694 sed
685 3647 704 3694 e
721 3644 877 3696 eonverso
894 3622 1050 3696 Consules
1066 3635 1201 3716 propter
1217 3625 1316 3704 cives,
1326 3628 1389 3696 Res

367 3745 500 3827 propter
514 3745 656 3833 gentem.
671 3736 759 3822 Quia
775 3737 1052 3831 quemadmodum
1069 3758 1135 3806 non
1154 3736 1272 3830 politia
1289 3739 1330 3808 ad
1346 3737 1389 3806 le·

367 3867 434 3938 ges,
451 3843 603 3938 quinimo
619 3849 707 3944 leges
723 3849 764 3920 ud
782 3849 933 3942 politiam
951 3862 1133 3942 ponuntur:
1150 3850 1198 3919 sic
1213 3851 1386 3920 secundnm

366 3955 476 4054 legem
494 3958 650 4045 viventes,
660 3983 727 4033 non
745 3965 785 4036 ad
803 3961 1027 4060 legislatorem
1043 3964 1312 4048 ordinantur,sed
1323 3984 1385 4034 nn-
