2890 4978
490 435 562 502 458
701 445 745 498 nu
771 441 922 501 vunoam
947 443 1094 504 muro

386 559 580 634 derivatum
597 553 660 625 hoo
678 553 751 624 eolo
775 555 844 624 iere
868 551 1023 620 omnibns
1049 551 1084 619 iu
1111 549 1247 645 signum
1272 552 1395 646 ejmden

387 673 542 768 principii
557 679 756 750 remanente,
772 669 858 762 quod
876 667 967 761 quasi
985 665 1148 759 praedicti
1172 685 1289 738 omnes
1310 669 1344 737 Ji
1356 671 1395 740 ai-

386 785 548 859 tirmaudo
564 783 766 878 respondent
783 781 837 854 Ab
854 779 916 851 ino
933 779 1097 874 iucipiens
1118 780 1290 864 idiomate,
1299 783 1392 854 videti·

387 914 440 974 oet
455 927 475 974 a
491 897 612 973 tinibus
629 899 840 992 ngarorum
856 919 968 967 verum
976 897 1155 968 Orientem
1173 895 1262 968 eliud
1278 920 1391 991 occupa-

385 1017 434 1088 vit
450 1027 555 1088 totum
571 1015 658 1109 quod
675 1013 719 1084 ab
737 1011 813 1080 inde
828 1021 965 1082 vocatur
988 1011 1136 1104 Europa,
1153 1034 1218 1080 nee
1244 1033 1307 1081 nou
1329 1015 1393 1082 uite·

385 1131 452 1202 rina
469 1141 516 1202 eet
532 1137 743 1225 pmtraetum.
754 1129 873 1198 nomm
890 1135 1010 1208 autem,
1021 1125 1109 1221 quod
1129 1125 1166 1194 iu
1178 1127 1308 1220 Europa
1316 1137 1391 1196 rotat

385 1247 429 1318 ab
446 1246 524 1328 istis,
541 1243 674 1316 tertium
699 1240 804 1313 tenuit
829 1241 965 1323 idioma,
982 1240 1059 1310 lieet
1084 1263 1149 1311 nee
1175 1241 1334 1312 trifarium
1353 1241 1390 1310 ri·

384 1359 508 1430 deatum
525 1359 612 1428 Nam
629 1355 688 1426 alii
706 1356 762 1438 Oc,
779 1355 837 1426 alii
850 1355 916 1436 Oil,
928 1355 987 1428 nlii
999 1355 1047 1438 Si,
1059 1353 1260 1444 affirmando
1275 1355 1389 1449 loquun-

382 1483 447 1554 tur,
463 1482 500 1543 ut
518 1481 599 1564 puta
623 1470 773 1565 Hispani,
791 1469 920 1552 Franci,
938 1481 971 1540 et
997 1471 1121 1541 Latini.
1140 1472 1280 1565 Signum
1302 1481 1386 1540 auten

383 1585 471 1680 qnod
487 1585 532 1655 ab
547 1605 616 1655 nno
632 1585 812 1679 eodemque
830 1583 986 1654 idiomate
1004 1584 1144 1655 istarum
1155 1585 1258 1657 trium
1267 1581 1386 1678 gentian

381 1700 635 1794 progrediantur
651 1690 825 1794 Vulgaria,
842 1699 878 1768 in
896 1709 1052 1796 promptu
1069 1711 1130 1780 eut,
1140 1699 1219 1796 quia
1236 1697 1328 1768 multa
1342 1719 1385 1789 per

383 1816 499 1886 eadem
523 1815 685 1888 vocabula
708 1814 882 1886 nominare
898 1814 1059 1896 videntur,
1075 1826 1115 1886 ut
1133 1819 1252 1896 Deum,
1266 1811 1383 1886 caetum.

318 1939 322 1946 '
383 1932 554 2012 Amorem,
572 1931 674 2012 Maro,
692 1932 839 2013 Terram,
857 1939 890 2001 et
915 1929 1019 2013 Vivit,
1038 1929 1194 2012 Moritur,
1213 1931 1315 2008 Amat,
1333 1925 1382 1995 dia

382 2046 452 2116 tere
475 2045 599 2116 omnia
615 2047 754 2116 lotorum
779 2066 859 2115 vero
884 2047 1083 2138 proferenter
1112 2047 1170 2126 Oe,
1188 2039 1380 2116 Meridiondis

384 2161 536 2252 Europae
552 2169 664 2230 tenent
680 2167 808 2252 partem
824 2155 1081 2242 O'oeidentelem,
1100 2183 1122 2230 a
1140 2154 1338 2230 tennensium
1352 2151 1379 2220 t

384 2273 481 2344 uibus
492 2272 692 2368 incipientes.
709 2272 774 2359 Qui
793 2281 904 2344 antem
922 2273 959 2343 Si
974 2274 1097 2357 dicunt,
1116 2268 1310 2368 apraedietis
1324 2263 1380 2336 tini·

384 2387 444 2458 bna
458 2389 664 2460 Orientalem
681 2397 802 2458 tenent.
812 2387 974 2460 Videlicet
983 2411 1084 2482 nsque
1094 2389 1136 2460 nd
1148 2377 1379 2481 promontorium

382 2499 606 2582 inauratae,
621 2501 791 2598 quatinus
807 2501 968 2572 Adriatici
994 2501 1096 2573 maris
1123 2499 1289 2594 incipitet
1309 2489 1377 2566 Siti·

382 2613 476 2696 liamt
492 2617 547 2687 red
572 2617 740 2712 loquentes
767 2617 824 2686 ott
847 2617 1090 2710 quodammodo
1117 2605 1374 2709 Septemuioualea

382 2741 457 2800 sunt
473 2743 619 2823 respectu
635 2729 782 2810 irtomma
798 2751 878 2800 nam
895 2731 938 2800 ab
960 2730 1095 2802 Oriente
1121 2731 1310 2802 Alamannos
1328 2717 1376 2787 hn-

384 2842 462 2912 bent
471 2845 793 2936 etnSeptemtrione,
803 2845 847 2915 ab
857 2843 1035 2914 Occidente
1045 2845 1188 2938 Anglico
1199 2841 1276 2913 meri
1284 2827 1374 2906 vallati

384 2967 517 3037 suntet
541 2957 707 3028 montibus
723 2958 910 3051 Aragouiae
928 2959 1107 3042 terminati,
1126 2985 1147 3031 a
1164 2952 1294 3030 Meridie
1312 2965 1375 3040 qno·

384 3093 446 3163 qne
455 3071 736 3156 Provinciaiibur,
752 3083 785 3144 et
801 3072 991 3167 Appennini
1007 3075 1188 3146 devexione
1204 3065 1373 3142 claudunt·

779 3304 925 3376 CAPUT
951 3305 1009 3375 lx.

384 3483 427 3535 ne
463 3488 608 3540 ramum
634 3490 831 3540 rrnrnrrrn
865 3491 1043 3551 sunnone,
1071 3491 1115 3540 rr
1140 3467 1369 3550 autumnum

436 3599 596 3652 nunnoni
614 3603 698 3654 mnu
715 3603 838 3654 mronn
863 3603 1036 3666 uurarun,
1063 3605 1105 3656 nr
1130 3603 1175 3658 un
1199 3575 1370 3650 mvuffl⁰¹¹

434 3716 697 3769 enannarrcan.

435 3855 502 3950 Noa
517 3867 627 3931 numm
644 3884 731 3933 nuno
747 3869 875 3956 oportet
890 3884 990 3956 qnam
1006 3861 1164 3934 hahemus
1173 3853 1368 3930 rationemve·

383 3973 532 4056 uetari,
557 3999 633 4050 uam
659 3978 823 4076 inquirere
849 3979 1056 4054 intendamus
1079 3979 1122 4062 de
1145 3975 1192 4058 iit,
1219 3954 1365 4056 ΝΜ
