2890 4978
498 406 573 482 lut
708 431 755 484 nn
779 431 928 486 vomam
953 431 1097 492 snooum

393 538 484 614 Sicut
499 559 579 635 erqo
595 537 738 610 llumanl
754 561 788 636 se
805 537 929 609 cunctis
942 535 1187 632 praeponendus
1197 537 1386 618 extimastis

395 655 458 726 lrac
484 655 704 728 eradicatione
729 651 799 725 sive
825 651 1045 746 discerptione
1068 673 1137 722 non
1168 652 1325 724 immerito
1346 675 1387 724 eus

394 768 469 842 eliis
485 789 733 863 praeponamus
751 776 964 864 protestantes
980 769 1111 840 eosdem
1129 767 1165 838 iu
1187 767 1275 840 nulla
1297 769 1385 860 vulga

370 885 439 956 ‘ris
462 883 668 980 eloquentiae
692 883 822 956 ratione
847 883 917 956 lore
943 883 1148 976 tangendos:
1168 883 1302 954 dicimus
1328 903 1385 974 ergo

395 1001 622 1072 llomanomm
639 1019 706 1068 non
723 997 881 1092 Vulgare,
893 983 1067 1094 serlpotim
1076 997 1304 1093 tristiloqtaium
1314 995 1387 1068 ltalo

332 1096 337 1105 ¹
394 1137 468 1186 rma
484 1113 849 1208 Vulgarium'omnium
866 1135 934 1186 esse
952 1113 1188 1209 turpissimum:
1204 1135 1262 1183 nec
1283 1113 1385 1192 miron.

395 1253 469 1304 nrm
490 1229 591 1312 etiam
608 1251 749 1312 morum,
766 1227 1002 1324 habituumque
1019 1229 1227 1302 deformitate
1245 1251 1315 1324 prae
1329 1251 1385 1297 mu·

394 1344 454 1415 ctis
471 1342 646 1416 videantur
661 1345 792 1426 scetem:
810 1345 924 1418 dicunt
940 1343 1030 1415 enim
1057 1343 1189 1415 llorere
1212 1343 1386 1436 primulii.

273 1483 279 1492 ·
395 1461 470 1530 Post
486 1457 546 1526 hos
561 1458 686 1530 incolas
702 1458 928 1532 anconitanae
947 1458 1116 1532 Matthiae
1133 1453 1385 1552 assemanum

396 1571 618 1664 Glipnorasste
633 1585 713 1643 mute
729 1575 823 1644 uiae
839 1575 1027 1669 loquuntur.
1042 1595 1119 1644 cum
1135 1573 1252 1668 qubus
1263 1567 1385 1662 ctSpole·

393 1699 488 1760 tanos
503 1687 686 1782 abjicimus
698 1710 765 1759 nec
783 1689 1056 1784 praetereundum
1074 1699 1123 1760 est
1140 1689 1226 1786 quo'd
1243 1686 1276 1756 in
1292 1684 1384 1776 impm·

397 1803 525 1898 perium
542 1800 677 1874 istanam
695 1804 796 1874 trium
815 1803 963 1898 gentium
993 1805 1167 1874 cantiones
1191 1825 1285 1898 quam
1307 1797 1386 1892 plue

397 1917 550 1988 inventae
576 1927 660 1998 sunt,
685 1917 772 1990 inter
795 1939 877 2014 quas
900 1939 1013 2022 uuam¹
1033 1917 1181 1990 vidimus
1206 1927 1294 1995 recte,
1315 1923 1385 2002 atque

397 2033 537 2125 perlecta
554 2030 702 2123 ligatam:
718 2030 819 2126 qua'm
835 2033 972 2126 quidam
990 2031 1201 2104 Florentiuus
1216 2021 1383 2102 nomimis·

396 2151 464 2216 stra
479 2157 718 2242 composuerat:
736 2145 917 2238 incipiebat
934 2147 1068 2217 etenim:

420 2255 527 2334 ’ϋηο
543 2261 650 2354 setino
664 2283 705 2331 eo
720 2263 827 2354 scopus'
843 2263 887 2332 do
905 2261 1030 2334 Casmil

414 2377 419 2392 '
449 2375 524 2446 Cito
539 2377 604 2447 ct'tc
620 2377 728 2467 nupia
743 2377 864 2467 praede
880 2379 968 2448 uino.

397 2495 473 2564 Post
487 2513 568 2586 quos
583 2491 852 2572 Mediolanenses,
879 2503 976 2588 atque
1003 2495 1222 2586 Bergomates,
1245 2499 1388 2572 mmmque

398 2606 557 2679 finitimos
589 2626 791 2682 emacemust
826 2608 861 2677 in
887 2631 1028 2702 quomm
1053 2605 1158 2680 etlam
1184 2595 1383 2696 improperium

398 2725 576 2818 quemdam
594 2721 748 2793 cecinisse
766 2721 950 2794 recolimus:

452 2836 536 2906 Este
553 2835 574 2906 Γ
583 2859 644 2908 oro
659 2837 711 2906 del
733 2837 897 2928 Vespertio

449 2949 499 3018 Cu
515 2951 567 3019 slei
582 2973 645 3020 mea
660 2951 839 3021 misceor.

343 3092 346 3101 ¹
399 3067 475 3134 Post
490 3061 550 3133 los
575 3065 808 3160 Aqm‘lajenses,
833 3071 867 3135 et
893 3065 1047 3135 immanes
1072 3065 1260 3142 cribremus,
1281 3052 1327 3149 qui
1348 3047 1387 3116 ce

397 3177 492 3268 fastu,
509 3176 684 3248 cmtieliter
700 3179 924 3249 aceentuamlo
941 3186 1100 3250 eructant.
1115 3179 1260 3270 Cumque
1274 3170 1388 3240 lismon-

399 3287 530 3360 taninas
552 3307 677 3372 omnes,
702 3303 735 3362 et
760 3291 942 3364 msticanas
966 3292 1112 3386 loquelas
1137 3289 1306 3386 ejiciamus
1326 3293 1387 3370 quac

400 3429 530 3500 semper
547 3407 750 3479 mediastinis
767 3407 895 3480 civibus
911 3419 1062 3479 accentus
1078 3395 1388 3477 enormitatedisonr

400 3543 435 3590 re
452 3518 613 3601 videntur,
630 3531 665 3591 ut
681 3521 953 3595 Cassentiueuses.
963 3525 1184 3600 etPratensem
1195 3503 1386 3590 Sardoseliaffl

399 3633 545 3727 quinon
572 3633 791 3717 Latinisunt,
815 3636 871 3706 sed
897 3635 1024 3706 Latinis
1050 3628 1236 3706 adsociantli
1262 3623 1386 3738 sidenltf·

359 3780 364 3788 ·
398 3745 579 3841 ejiciamus:
595 3747 753 3842 quoniam
769 3747 831 3821 soli
856 3747 927 3819 sine
952 3749 1088 3844 proprio
1112 3741 1251 3838 Vulgari
1274 3755 1332 3807 esst
1351 3747 1387 3850 q

398 3865 527 3944 (lentur,
552 3863 809 3936 Grammaticam
835 3875 993 3960 tanquam
1022 3847 1146 3936 Simiae
1171 3845 1387 3930 nominetur

400 3985 515 4060 sante,
534 3999 620 4047 nam:
646 3977 768 4050 Domus
785 4001 877 4063 aoso,
895 3991 924 4047 et
940 3977 1102 4048 Donum
1120 3997 1213 4056 nuos,
1237 3965 1386 4062 loquuta·
