2978 4984
476 365 479 368 ’
518 373 590 442 nto
729 371 731 375 ’
769 389 834 440 ὀι
860 385 1059 440 nonnarum
1456 447 1457 450 Ἴ

411 507 481 580 tunt
498 495 668 593 inquiens
685 485 928 567 manifestandis
946 516 1013 563 non
1028 493 1133 562 sotum
1158 485 1222 560 hoc
1247 483 1409 584 apparuit
1456 527 1457 558 r

409 614 465 686 scd
481 623 513 684 et
528 610 683 708 quioquid
700 633 721 682 a
737 608 1003 703 primordialibus
1021 605 1153 699 imperii
1177 604 1323 676 Romani
1345 604 1409 694 dije-

410 727 585 798 dicandum
610 732 690 805 erat,
715 742 774 815 per
798 721 942 793 duellum
968 745 1036 792 esse
1061 721 1253 790 discussum.
1279 717 1408 788 Nande

413 835 536 933 primo‚'
556 859 632 908 cnm
657 836 697 906 d'e
721 835 795 906 sede
820 836 922 928 patris
939 836 1091 914 AEneae,
1107 834 1166 928 qui
1192 832 1324 926 primus
1339 843 1411 923 pater

411 951 508 1045 hujus
525 951 639 1043 populi
656 948 728 1031 tuit,
754 959 898 1020 vertetru
923 948 1078 1042 litigium.
1097 951 1210 1018 Turno
1237 947 1410 1018 Rumtoruu

410 1088 486 1158 rege
503 1075 616 1134 contra
626 1065 789 1144 stantede
799 1061 966 1134 communi
977 1065 1152 1134 amborum
1163 1083 1283 1154 regum
1292 1082 1410 1134 amemu-

407 1178 448 1248 ad
459 1175 622 1256 ultimum,
633 1187 766 1270 propter
774 1175 923 1248 divinum
934 1175 1176 1269 beneplacitum
1186 1176 1410 1269 inquirendum.

410 1291 496 1362 inter
510 1315 544 1362 se
558 1293 664 1362 solum
690 1291 884 1380 dimicatum
908 1301 966 1370 est,
984 1299 1020 1360 ut
1045 1291 1080 1360 in
1104 1290 1235 1360 ultimis
1259 1287 1410 1360 eunden

408 1405 544 1477 canitur.
569 1409 607 1476 ln
632 1427 698 1500 quo
722 1405 856 1499 quidem
882 1429 987 1500 agone
1012 1415 1105 1476 tanta
1129 1405 1264 1476 victoris
1287 1405 1412 1474 Alidem

408 1519 582 1592 clementia
599 1521 669 1602 suit,
686 1531 721 1592 ut
738 1520 799 1590 nisi
816 1520 974 1602 baltheum,
990 1545 1089 1616 quem
1107 1523 1234 1594 Turnus
1250 1521 1412 1592 Paltmtia

408 1657 441 1704 se
457 1631 563 1704 occiso
580 1633 774 1714 detraxerat,
791 1634 954 1726 patuisset,
971 1635 1058 1706 victo
1076 1635 1184 1705 victor
1197 1634 1289 1704 simui
1316 1633 1412 1704 vitam

408 1749 628 1828 condonasset,
646 1759 678 1820 et
695 1773 827 1842 pacem;
846 1743 882 1820 u't
898 1751 1016 1821 ultima
1032 1749 1183 1821 carmina
1197 1748 1288 1820 nostri
1297 1753 1407 1820 Poetae
1456 1783 1457 1786 ¹

407 1873 572 1934 testantur.
588 1864 737 1956 Cumque
754 1863 819 1933 duo
836 1864 951 1956 populi
968 1887 1008 1938 ex
1026 1865 1096 1957 ipsa
1114 1867 1256 1958 TroJ'ena
1269 1862 1366 1934 redire
1377 1861 1407 1930 in

414 1975 770 2070 {taliugerminassent
787 1979 955 2048 Romanus
972 1978 1095 2054 scilicet
1111 1981 1262 2072 populns,
1275 1991 1305 2048 et
1320 1977 1409 2046 etta·

407 2113 484 2168 nus;
502 2099 597 2184 atque
613 2091 653 2160 de
670 2091 764 2184 signo
782 2091 921 2184 aquitae,
937 2094 1039 2187 deque
1058 2094 1235 2186 penatibus
1261 2092 1318 2164 diis
1340 2093 1408 2180 irrr-

404 2205 570 2297 janorum,
588 2217 685 2300 atque
701 2204 859 2298 dignitate
876 2207 1085 2300 principandi
1102 2209 1204 2302 longo
1222 2207 1408 2302 temporeis·

410 2327 508 2408 terso
526 2317 740 2410 disceptatum
757 2328 854 2428 esspt3
872 2322 914 2392 ad
930 2321 1087 2394 [ultimum
1103 2322 1275 2394 communi
1298 2341 1406 2392 assemu

407 2431 571 2525 partium,
599 2442 728 2526 propter
754 2431 942 2506 instantiam
969 2439 1250 2529 cognoscendam,
1275 2462 1327 2530 per
1354 2447 1407 2504 nes

407 2545 561 2618 Horatios
577 2546 702 2626 tratres,
719 2555 751 2616 et
777 2569 837 2640 pm
861 2545 998 2622 totidem
1023 2552 1186 2622 Curiatios
1213 2553 1324 2626 iratres
1340 2549 1404 2616 inde

407 2657 441 2727 in
459 2669 630 2752 conspectu
646 2683 761 2753 regum
778 2671 810 2731 et
826 2663 1023 2755 populorum
1040 2666 1233 2738 altrinsecus
1253 2673 1403 2758 espertan-
1456 2669 1457 2700 t

407 2772 491 2844 rium
509 2773 709 2844 decertatum
733 2785 795 2846 ee:
815 2776 872 2846 un
899 2777 1002 2848 trinus
1029 2778 1194 2870 pugilibus
1220 2780 1404 2850 munorum
1456 2751 1457 2788 ¹

406 2887 591 2980 peremptis.
618 2891 842 2960 Romanorum
869 2891 1010 2972 (luobus,
1038 2894 1148 2986 palma
1175 2894 1329 2966 victoriae
1356 2887 1404 2958 snit

407 3000 547 3070 Hostilio
573 3025 649 3094 rege
675 3002 768 3072 cessit
791 3005 959 3076 Romanis
978 3009 1019 3076 Et
1045 3007 1107 3076 hoc
1124 3003 1403 3100 diligentermio

407 3113 439 3182 in
459 3113 566 3206 prima
584 3126 674 3206 parte
691 3117 842 3210 contexit,
859 3119 911 3192 cni
936 3122 1070 3194 Orosius
1094 3122 1193 3194 etiam
1221 3131 1401 3194 contestatur·

406 3226 531 3298 Deinde
549 3251 624 3301 cum
636 3229 799 3312 finitimis,
817 3233 907 3304 omui
921 3233 995 3327 jure
1013 3236 1091 3306 betti
1108 3247 1248 3316 servato,
1267 3259 1336 3308 rum
1356 3235 1401 3302 sr-
1456 3239 1457 3248 ’

403 3339 499 3424 binis,
517 3365 597 3414 cum¹
612 3344 822 3426 Samnitibus,
847 3348 924 3418 lieet
949 3348 984 3418 in
1011 3350 1217 3422 multitudine
1244 3354 1401 3442 duroman

404 3451 499 3536 tium,
515 3455 575 3528 sub
592 3457 698 3528 forma
714 3468 824 3530 tamen
841 3461 950 3542 duelli,
967 3464 1007 3532 dc
1018 3461 1158 3556 imperio
1177 3461 1400 3536 cenatuminis

402 3592 448 3648 se,
465 3569 578 3642 Livius
596 3581 722 3650 narrat;
742 3571 774 3642 in
792 3595 857 3666 quo
874 3575 1007 3668 quidem
1025 3578 1123 3648 modo
1140 3577 1322 3650 decertandi
1341 3597 1398 3646 cunr

404 3681 616 3764 Samnitibus,
635 3686 701 3756 sere
718 3687 896 3762 Fortunam
924 3687 974 3778 (ut
999 3689 1127 3786 dicam)
1145 3691 1284 3784 incoepti
1310 3709 1398 3782 prcu-

406 3793 478 3866 tuit.
496 3797 537 3866 Et
553 3795 614 3866 hoc
631 3802 779 3872 Lucanus
796 3799 987 3874 insecundo
1005 3803 1045 3887 nd
1064 3806 1251 3898 exemplum
1269 3807 1311 3876 sic
1325 3801 1394 3872 redu·

406 3909 467 3980 cit:
484 3911 547 3978 .·tut
567 3912 692 3998 Cottion
710 3916 779 3984 turn
796 3929 908 3986 stratos
946 3931 1018 4010 punt
1041 3931 1136 4011 porto
1162 3933 1304 4002 soterum,
1328 3911 1394 3982 Turn
