2914 4982
461 413 534 480 ast
735 423 781 476 nn
806 421 1005 475 moniminas

359 537 577 634 imperatorio
593 534 744 606 restituto
760 525 966 614 Consulibus,
983 526 1176 602 subadartus
1191 537 1256 622 pm
1267 523 1367 602 bures

357 655 401 738 ad
427 653 545 723 stivam
572 669 718 721 reversus
743 655 800 716 est.
817 644 947 738 Quippe
973 643 1006 712 in
1032 641 1245 738 ejuslaudem
1258 641 1364 714 atreo

359 781 475 838 eontra
491 763 682 858 Epicurum,
699 762 734 833 in
752 759 793 831 iis
815 781 899 856 quiae
924 759 965 830 de
990 757 1056 828 line
1080 755 1251 839 bonorum,
1271 757 1365 828 lhe-

359 881 567 978 ptans,bujns
585 876 734 949 beneficii
754 895 883 948 memor
899 874 975 946 luit:
986 874 1103 965 ltaque,
1113 872 1263 967 inquitet
1275 871 1370 962 saio

361 1017 412 1064 res
427 996 528 1066 nostri
544 996 584 1064 ub
599 1005 708 1064 aratro
724 993 884 1060 demersat
903 989 1128 1056 conmeantum
1143 987 1246 1066 illum,
1262 1000 1290 1054 st
1308 985 1369 1054 lli-

359 1121 460 1180 emtor
476 1123 556 1178 esset.
574 1110 690 1179 Nonne
708 1101 882 1175 Fabricius
899 1103 1039 1173 alterum
1058 1101 1156 1170 nobis
1171 1099 1258 1173 dedit
1271 1123 1373 1168 mem-

362 1223 454 1318 plum
472 1221 631 1293 avaritiae
648 1217 826 1297 resistendi,
844 1239 919 1287 eum
938 1239 1066 1312 pauper
1081 1216 1232 1297 existens,
1248 1213 1371 1310 pus-se

364 1359 430 1430 qua
443 1333 656 1427 Reipublicae
672 1332 855 1410 tenebatur,
866 1330 936 1401 auri
955 1329 1081 1425 grande
1098 1330 1225 1424 pondus
1240 1329 1371 1399 oblatura

368 1445 491 1528 derisit,
509 1469 548 1517 ae
564 1447 705 1516 derisum
724 1445 826 1516 uerba
844 1443 907 1514 sibi
925 1442 1156 1516 eonvenientia
1172 1444 1299 1514 lundens
1317 1445 1375 1511 da·

363 1560 471 1653 spexit
486 1571 520 1655 et
535 1560 711 1632 refutavit?
737 1559 844 1652 llnjus
861 1559 1066 1630 memoriam
1093 1556 1263 1626 confirmat
1284 1559 1376 1626 loeta

364 1687 473 1745 noster
489 1674 524 1744 in
540 1685 640 1756 sexto,
653 1675 733 1744 'cunr
751 1683 898 1744 caneret:
917 1673 1079 1765 Parospus
1099 1684 1252 1766 poseamus
1271 1671 1380 1740 Fabri-

362 1791 458 1860 etum.
475 1791 639 1885 Numquid
658 1811 723 1858 non
741 1789 946 1881 praeferendi
961 1785 1051 1883 leges
1076 1787 1220 1882 propriis
1242 1809 1378 1858 conmo-

364 1902 425 1984 dis,
443 1903 660 1974 memorabile
676 1902 772 1971 nobis
789 1905 960 1998 exemplar
976 1903 1136 1974 Camillus
1152 1902 1235 1974 luit?
1253 1901 1308 1996 qui,
1322 1925 1377 1970 se-

365 2018 509 2086 eundum
526 2017 669 2096 Livium,
686 2019 859 2090 damnatus
876 2018 985 2098 exilio,
1004 2005 1176 2112 postquam
1195 2017 1318 2112 patriam
1332 2015 1380 2084 li-

239 2175 243 2184 ·
368 2129 496 2200 berault
512 2131 685 2213 obsessam,
704 2141 735 2201 et
753 2131 859 2223 spolia
876 2131 976 2202 etiam
995 2135 1148 2204 Romana
1158 2135 1277 2204 Roas
1289 2129 1379 2200 resti·

367 2241 440 2323 tnit,
459 2244 611 2315 universo
629 2247 751 2339 populo
769 2247 978 2326 reclamante,
989 2245 1033 2316 ab
1051 2246 1133 2318 urbe
1149 2259 1259 2318 sauata
1272 2245 1383 2316 aare

369 2357 422 2434 sit,
441 2381 501 2428 neo
516 2370 591 2428 ante
609 2383 755 2430 reversus
771 2371 818 2429 est
844 2383 945 2454 quam
962 2359 1026 2430 sibi
1043 2361 1242 2453 repatriandi
1260 2359 1383 2430 lieentia

365 2471 411 2540 de
429 2472 621 2544 auctoritate
639 2477 775 2545 Senatum
801 2473 901 2544 allata
926 2485 1016 2544 esset
1042 2477 1086 2544 Et
1111 2475 1199 2546 bunc
1223 2474 1387 2566 magnam-

372 2611 464 2658 mum
484 2591 583 2659 Poeta
602 2591 810 2660 commendat
829 2590 861 2659 iu
881 2600 982 2673 sexto,
999 2611 1073 2662 mna
1098 2586 1193 2661 dicit:
1206 2589 1386 2682 meum

367 2702 463 2791 sipon
480 2703 660 2772 Comitium.
676 2706 793 2774 Nonne
809 2704 903 2784 lilios,
921 2725 963 2774 an
981 2725 1046 2774 non
1062 2725 1177 2774 omnes
1200 2701 1275 2772 alios
1298 2711 1385 2795 post·

372 2821 539 2910 ponendos
556 2820 682 2912 patriae
697 2819 853 2898 libertati,
872 2821 990 2890 Brutus
1015 2818 1072 2890 ille
1097 2819 1226 2913 primm
1247 2815 1386 2888 edocuit?

365 2935 470 3023 lquem
489 2933 602 3004 livius
618 2932 707 3014 dicit,
725 2933 898 3003 Consulem
917 2925 1119 3016 existentem,
1139 2935 1286 3029 proprios
1308 2931 1384 3002 lilios

360 3067 452 3114 aum
480 3045 624 3116 hostibus
650 3045 871 3140 conspirantes
894 3048 994 3117 morti
1017 3047 1153 3118 dedisse
1168 3047 1269 3142 anrrs
1290 3045 1382 3141 glosis

371 3169 554 3229 renovatur
570 3162 604 3228 in
622 3171 705 3230 sesto
721 3167 839 3234 Poetae
857 3163 969 3244 nostri,
979 3163 1021 3233 de
1039 3162 1110 3256 ipso
1127 3163 1288 3234 eanemis:
1298 3159 1384 3231 Nato·

370 3293 450 3382 apae
461 3285 551 3365 poter
567 3277 744 3360 bovadella
760 3277 972 3346 movmtesdd
987 3297 1121 3368 poenum
1133 3277 1271 3368 pstebru
1282 3293 1338 3368 pro
1349 3271 1382 3338 Κ-

376 3387 490 3460 oriae
515 3391 642 3460 meabit.
668 3391 753 3478 Quid
780 3413 847 3462 non
874 3393 1056 3463 audendum
1083 3413 1146 3484 pro
1171 3391 1290 3485 putria,
1305 3384 1383 3458 nolis

377 3505 499 3576 blutius
524 3505 690 3598 persuasit,
715 3529 791 3578 enm
816 3507 986 3577 incautum
1012 3509 1192 3578 Porsenam
1216 3505 1338 3580 inuasit
1352 3517 1381 3568 st

375 3615 493 3690 deinde
518 3643 654 3692 manum
679 3645 783 3702 suam,
808 3643 874 3716 qna
900 3621 1096 3702 aberrasset,
1122 3641 1189 3689 non
1216 3619 1284 3692 alio
1306 3611 1380 3686 rull!

370 3753 479 3825 ¹quam
504 3733 530 3802 si
558 3733 683 3806 bostem
710 3735 849 3808 rruriari
875 3736 1010 3818 videret,
1035 3734 1176 3806 aremari
1203 3725 1379 3830 aspiciebat?

380 3847 475 3932 Quod
501 3857 534 3916 et
559 3849 671 3920 Livius
697 3849 879 3922 admiratur
904 3851 1115 3924 testificando.
1133 3852 1299 3922 Asoedant
1318 3839 1377 3912 ill!e

377 3958 620 4034 semtiutmae
636 3963 792 4038 uictimae
812 3965 1000 4053 neumam
1020 3965 1078 4064 qui
1094 3989 1156 4062 pro
1171 3966 1277 4038 salute
1292 3949 1379 4056 ptlll·
