2890 4978
208 517 455 625 DANTIS
494 519 855 626 ALIGHERII

161 743 234 812 nn
275 743 573 814 voantur
616 743 909 828 nnoauro

400 939 475 987 srvn
500 936 665 1014 inponern

344 1083 498 1142 utana
529 1077 725 1142 uolatus

424 1299 642 1340 400-

435 1543 578 1615 carol
605 1543 630 1613 Ι.

190 1795 272 1854 oum
298 1795 348 1842 stt·
373 1791 537 1842 vumnts
562 1791 714 1856 ῑθΰῦτῐθ,
740 1799 783 1848 ΒΤ
807 1797 874 1858 olio

310 1907 477 1957 mmm
503 1907 525 1956 t
550 1907 749 1960 ondlt'rlce

64 2141 151 2290 Cum
175 2219 343 2290 neminem
378 2225 453 2289 ante
487 2217 611 2288 nonde
642 2217 796 2310 vulgaria
827 2221 1043 2317 Eloquentiae

62 2327 179 2416 doctrina,
201 2335 380 2429 quiequam
404 2331 609 2404 inveniamur
632 2340 794 2415 memnon,
821 2345 917 2429 atque
938 2338 1039 2410 lolem

61 2440 150 2516 reilioet
164 2445 392 2544 Eloquentiam
416 2444 544 2538 penitus
568 2443 722 2514 omuilm
748 2447 963 2520 necessariam
988 2450 1040 2522 ri·

62 2553 166 2641 lenum,
181 2587 253 2633 enm
274 2563 317 2632 ad
331 2583 405 2631 eam
425 2580 492 2628 non
508 2567 636 2632 tantum
654 2559 728 2641 viri,
744 2555 909 2633 sedetiam
921 2563 1040 2636 mulie-
1167 2646 1173 2655 ,

62 2683 137 2748 met
150 2674 277 2768 parvuli
294 2671 449 2752 nitantur,
472 2671 508 2740 in
529 2683 689 2767 qunmum
712 2673 835 2744 Natura
863 2675 1039 2767 permittit:

61 2785 168 2860 volenter
184 2789 413 2862 discretionem
439 2787 625 2882 aliqualiter
646 2787 790 2860 lucidare
812 2787 957 2869 illorum,
980 2790 1039 2884 qui

60 2905 177 2990 lupum
192 2902 280 2974 meni
297 2901 470 2972 ambulant
487 2923 545 2992 per
557 2901 679 2992 plateas
690 2899 880 2994 plerumque
897 2901 1040 2974 anlerio-

61 3027 84 3074 n
95 3015 251 3102 posteriora
268 3025 430 3108 putantes:
448 3014 558 3084 Verbo
575 3013 738 3107 aspirante
761 3015 802 3084 de
824 3013 932 3096 caelio,
948 3014 1041 3088 loeu-
1139 3027 1141 3039 '

60 3117 115 3190 iloni
132 3127 308 3219 vulgarium
326 3126 472 3220 gantiam
491 3127 639 3219 prodesse
656 3127 870 3198 tentabimus:
894 3149 959 3198 non
985 3151 1037 3200 eo-
1063 3169 1067 3180 .

59 3227 104 3304 lon
117 3261 224 3332 aquam
241 3240 343 3312 nostri
362 3239 484 3334 ingenii
504 3242 689 3312 adtentum
715 3242 866 3334 poorlum
885 3241 1039 3316 haurien-

60 3353 96 3424 ltt
112 3353 158 3422 od
181 3355 387 3447 accipiendo,
414 3354 467 3426 vel
493 3355 704 3448 compilando
730 3356 773 3426 ab
800 3355 884 3436 aliis,
911 3356 1040 3449 potiora

60 3457 208 3548 mente,
231 3478 266 3540 ut
290 3469 406 3542 exinde
432 3468 601 3562 potionare
632 3467 790 3562 pomimm
817 3468 1039 3544 dulcissimum

59 3563 344 3658 hydromellumsed
357 3581 435 3676 quin
444 3605 709 3676 unamquamque
718 3582 902 3654 doctrinam
912 3595 1040 3678 oportet
1121 3618 1132 3640 κ

58 3697 103 3748 ⁰⁰¹¹
118 3690 260 3778 probam,
287 3697 342 3764 sed
367 3717 462 3766 suum
488 3695 616 3788 aperire
641 3693 835 3790 subjeetum,
861 3707 896 3767 ul
920 3698 1041 3772 sciatur

57 3797 111 3886 quid
124 3805 168 3888 sit,
183 3831 276 3904 mper
291 3813 377 3908 quod
386 3811 444 3884 illa
454 3822 610 3892 versatur,
626 3810 764 3882 dicimus
778 3810 1040 3884 celeriter-otten-

58 3905 148 4002 duur,
161 3925 242 4015 quod
260 3925 440 4020 vulgarem
456 3923 653 3997 locutionem
670 3923 872 4017 appellamus
882 3945 1041 4020 eamqum
