2890 4978
420 435 427 450 '
469 465 472 476 .
514 430 587 498 sss
723 444 767 497 nn
792 443 940 496 rursum
965 441 1110 505 amunio
1278 461 1281 473 ·
1425 375 1426 462 l

413 555 448 628 in
465 552 599 652 syllabis
614 561 647 626 et
664 551 873 636 carminibus,
896 553 949 626 rel
974 552 1129 624 excedere
1142 555 1261 646 'potem
1283 561 1313 626 et
1333 551 1393 626 diei-

412 695 495 754 mus,
512 680 624 766 potest,
641 669 797 764 qnoniam
814 667 1041 740 habibrdinem
1052 666 1144 740 ‘lane
1160 667 1261 741 adbuc
1280 693 1338 741 non
1356 673 1392 742 u'·

410 788 527 858 dimus
543 785 744 879 Quandoque
761 783 796 854 in
814 779 1194 864 carminibusexcederu,
1210 793 1241 853 et
1264 783 1296 852 in
1317 785 1389 876 sylla-

412 901 463 974 bis
479 901 624 995 superari
634 909 754 1000 potest,
770 907 808 972 ut
822 900 853 972 si
869 899 959 970 bons
976 907 1057 970 estet
1075 909 1282 994 pentametra,
1298 899 1389 995 etqui·

410 1016 492 1088 libet
508 1039 628 1089 versus
641 1015 810 1096 diameter,
836 1021 869 1086 et
892 1023 998 1085 metra
1023 1011 1140 1084 frontis
1163 1013 1350 1108 eptasyllaba,
1368 1023 1390 1084 st

316 1181 319 1191 ·
411 1153 523 1204 versans
539 1129 785 1224 endecasyllaba
800 1137 912 1200 esent
929 1129 1131 1234 Quandoque
1155 1151 1261 1200 versus
1281 1129 1388 1199 bonon
1425 1193 1426 1202 ,

409 1257 563 1342 superant
578 1245 721 1342 syllabis,
738 1254 771 1316 et
787 1243 997 1332 carminibus,
1014 1246 1085 1318 ut
1075 1270 1110 1316 rn
1138 1227 1196 1318 illa
1219 1265 1309 1344 mam
1329 1241 1387 1316 dixi·

411 1383 494 1436 mus

490 1474 653 1567 Truqquui
668 1471 750 1546 doliu
766 1482 870 1544 oense
882 1475 983 1545 Amor
999 1476 1032 1546 lu
1047 1477 1139 1568 stiuu

411 1591 488 1662 Fuit
505 1588 586 1660 haec
602 1597 791 1660 tetrametro
808 1589 898 1659 lrons
914 1575 1018 1662 tribus
1032 1584 1290 1690 endecasyllabis,
1304 1595 1329 1657 et
1341 1603 1385 1656 uro

264 1743 266 1748 ·
410 1703 614 1798 eptasyllabo
630 1711 789 1774 contexta·
806 1695 873 1774 non
890 1705 1011 1776 etenim
1029 1706 1136 1799 potuit
1154 1705 1187 1776 in
1205 1705 1292 1798 pedes
1305 1697 1384 1778 lidi

408 1841 483 1888 eum
502 1819 680 1913 aequalitas
698 1817 893 1900 danninum,
910 1829 942 1889 et
959 1817 1162 1913 syllabarum
1188 1812 1383 1913 requiraturin

409 1932 573 2025 pedibus
563 1943 648 2003 rnter
663 1957 707 2012 se,
724 1939 756 2002 et
772 1933 873 2004 etiarn
892 1934 925 2002 in
944 1920 1098 2006 verslbau
1117 1934 1203 2004 lnte'r
1224 1955 1265 2014 sq
1287 1941 1313 2000 et
1330 1951 1383 2024 qn·

407 2032 621 2116 madmodum
638 2046 777 2117 dicimus
793 2057 904 2118 verbus
919 2041 1072 2140 suparare
1089 2045 1321 2118 carminibuset
1337 2037 1381 2132 qi

409 2147 495 2228 labis
511 2159 661 2242 frontem,
678 2157 725 2230 sie
740 2159 806 2231 diei
825 2164 928 2253 potest
945 2159 1101 2232 frontem·
1107 2161 1142 2230 ln
1156 2159 1209 2231 bis
1223 2157 1384 2246 molinus

408 2293 443 2340 se
467 2293 619 2363 superare
644 2295 768 2344 versus.
792 2273 876 2345 sicul
898 2274 1030 2368 qnando
1054 2273 1196 2370 quilibet
1218 2293 1310 2344 versus
1328 2273 1384 2336 usti

406 2381 534 2454 duobus
557 2385 774 2480 eptasyllabis·
792 2387 914 2470 metris,
939 2399 971 2458 et
997 2390 1086 2458 frons
1112 2397 1194 2460 esset
1217 2389 1384 2481 pruneto

407 2496 533 2571 duobus
566 2499 813 2572 endecasillabis
843 2510 876 2572 et
901 2499 1006 2572 tribus
1026 2496 1235 2596 'eptasyllabis
1255 2499 1385 2564 mrum·
1425 2551 1426 2566 ,

404 2613 609 2708 Quandoque
625 2635 704 2686 vero
722 2615 817 2708 pedes
834 2617 971 2688 eandam
994 2627 1151 2710 superant
1176 2605 1341 2687 carmini&
1359 2607 1385 2672 ⁰¹

404 2726 549 2821 syllabis,
564 2739 601 2800 ut
616 2728 652 2800 in
670 2729 737 2813 illa,
753 2748 854 2824 wem
868 2730 1030 2802 ‘diximus'
1070 2753 1075 2761 ’
1108 2739 1115 2749 ’

483 2844 592 2928 Amor,
608 2846 662 2916 ebe
678 2847 785 2917 menni
801 2859 857 2918 tau
872 2846 960 2916 aistis
976 2847 1033 2917 dul
1044 2845 1150 2918 'ctae

404 2955 606 3052 Quandoque
623 2961 720 3052 pedes
734 2982 755 3031 a
771 2960 927 3055 syrimate
941 2971 1147 3055 superantur
1171 2961 1205 3032 in
1226 2965 1294 3037 toto·
1313 2957 1342 3023 li
1359 2943 1382 3014 il

404 3064 474 3148 illa,
491 3091 590 3162 quarn
607 3070 759 3142 diximus:

479 3177 602 3254 namu
615 3184 745 3275 piemon,
763 3209 779 3256 e
794 3189 831 3259 di
847 3189 972 3260 uomitu
988 3201 1075 3260 stote.

402 3294 446 3366 Et
462 3297 736 3390 quemadmodum
754 3301 896 3376 diximus
914 3303 1055 3376 bunum
1073 3325 1166 3398 posse
1179 3319 1314 3432 superam
1331 3305 1381 3358 ur·

402 3411 558 3496 minibus,
575 3423 607 3484 et
622 3415 756 3509 syllabis
771 3418 929 3512 superari,
946 3428 979 3490 at
994 3443 1013 3490 e
1030 3418 1203 3498 eontrario,
1217 3415 1261 3486 sic
1274 3412 1308 3482 de
1320 3397 1380 3497 qli·

404 3533 493 3594 mate
509 3522 658 3598 dicimus
676 3529 776 3600 Pedes
791 3551 919 3627 qnoque
934 3554 1045 3604 vernis
1062 3532 1098 3603 in
1114 3551 1246 3603 nurnero
1258 3517 1381 3618 arpenti

404 3642 438 3704 et
453 3649 647 3728 superantur
663 3641 747 3712 ab''
723 3665 773 3712 us:
791 3654 922 3736 possunt
943 3645 1033 3715 enim
1059 3645 1095 3716 in
1121 3642 1242 3719 Stantia
1263 3657 1319 3708 use
1337 3637 1381 3697 ilfi

405 3747 513 3840 Pedes,
530 3758 563 3818 οἱ
579 3752 659 3824 duos
674 3775 793 3838 versus,
810 3767 843 3828 et
859 3767 924 3830 tres
940 3779 1061 3844 vemas,
1078 3769 1111 3831 el
1133 3757 1210 3830 dnos
1233 3749 1322 3848 ped&
1340 3753 1381 3808 Μ

404 3855 469 3928 boe
485 3882 622 3934 numero
638 3864 832 3955 limitamus,
848 3869 929 3966 quin
952 3869 1050 3943 lineat
1075 3873 1182 3966 plures
1205 3877 1235 3940 et
1257 3855 1381 3974 pedari

406 3993 519 4048 versus
534 3975 632 4050 simul
650 3992 829 4056 oontexere
856 3983 898 4055 Et
921 3983 1195 4080 quemadmodum
1217 3977 1254 4050 de
1276 3957 1380 4044 eluerit
