2978 4984
492 411 567 478 otu
762 425 806 476 uu
832 421 1033 478 malacum

390 533 582 606 mortalium
599 527 650 606 illi
664 529 890 632 minorent,
907 529 974 626 qui,
985 539 1062 602 autc
1078 527 1390 608 mmtmeuueu

389 649 468 730 aiae,
486 649 522 718 iu
546 647 651 718 lilium
677 645 739 718 Dei
757 643 909 728 Gnamm,
925 645 996 718 aive
1021 654 1208 730 reatum,
1223 646 1292 721 aire
1314 673 1388 744 prar-

390 775 525 847 senteur,
541 763 610 836 aire
622 761 696 857 jam
713 783 844 856 patrum
853 760 1070 841 crediderunt,
1078 769 1111 830 et
1127 761 1288 834 credendo
1300 787 1391 858 spara-

390 889 516 960 veruot,
541 889 574 948 et
597 887 764 970 sperantes
788 875 948 946 charitate
973 885 1134 958 arserunt,
1150 887 1184 947 et
1208 879 1392 950 ardenteaci

390 993 583 1064 cohaeredes
598 995 722 1064 futuros
738 1013 805 1062 esse
822 991 963 1062 muudus
979 1011 1045 1060 uou
1062 989 1199 1064 dubitat
1217 994 1261 1064 Et
1275 1005 1310 1064 ut
1329 993 1393 1064 talea

387 1105 428 1176 de
445 1105 604 1200 praesenti
621 1103 801 1198 Gymnasio
825 1104 970 1175 totaliter
994 1103 1215 1188 excludantur,
1233 1117 1280 1178 ed
1296 1109 1390 1180 adrer-

389 1221 533 1302 teodum,
557 1218 648 1315 quod·
668 1218 829 1312 quaedam
854 1217 1015 1311 scriptura
1039 1227 1087 1288 est
1111 1229 1187 1290 aute
1214 1219 1391 1300 Eccluum

386 1333 552 1426 quaedam
578 1355 654 1404 curu
670 1329 827 1412 Ecclesia,
842 1331 1004 1426 quaedam
1031 1341 1102 1422 post
1119 1331 1309 1406 Ecclesiam.
1325 1337 1393 1406 tua

390 1441 524 1538 quidem
541 1443 722 1516 Ecclesiam
738 1453 813 1514 suot
837 1454 928 1517 vetus
951 1455 984 1516 et
1010 1466 1133 1516 uorum
1161 1447 1394 1532 Testamentum,

391 1561 477 1654 quod
496 1560 530 1632 in
547 1571 717 1632 aeteruum
733 1559 927 1632 mandatum
951 1569 1008 1642 eat,
1027 1570 1063 1630 ut
1088 1560 1135 1632 ait
1160 1561 1331 1655 Propheta:
1346 1563 1396 1634 luc

392 1672 482 1745 enim
499 1674 648 1768 estquod
664 1673 744 1746 dicit
760 1672 915 1754 Ecclesia,
925 1671 1113 1768 loqueosad
1124 1678 1300 1766 Sponsum:
1311 1676 1396 1746 Trolc

393 1811 443 1858 mc
457 1800 528 1878 post
545 1801 581 1858 tc.
598 1789 680 1860 Cum
699 1785 845 1858 Ecclesia
862 1809 942 1858 vero
957 1797 1031 1858 sunt
1047 1789 1235 1860 veneranda
1257 1789 1305 1864 illa
1326 1813 1393 1860 cou-

394 1900 475 1972 cilia
492 1901 699 1996 principalia,
714 1889 833 1994 quibus‘
841 1901 983 1974 Cristum
1000 1900 1184 1972 interfuisse
1201 1923 1293 1974 rucco
1305 1901 1394 1974 fidelia

395 2015 538 2086 dubitat:
555 2039 630 2088 cum
649 2015 836 2094 habeamus.
855 2014 963 2108 ipsum
978 2013 1097 2087 dixisse
1113 2015 1288 2110 discipulis,
1302 2039 1398 2088 amau·

395 2152 509 2200 surum
535 2129 572 2199 irr
596 2131 740 2202 coeluma
758 2129 837 2198 Ecce
862 2151 916 2220 epo
940 2129 1100 2200 colurum
1115 2151 1187 2198 cam
1212 2132 1249 2198 iu
1272 2131 1396 2200 mua·

396 2247 516 2329 dicitu,
542 2269 635 2338 rupae
660 2247 703 2316 nd
728 2246 993 2316 consumationem
1017 2245 1149 2326 uenti,
1176 2256 1212 2318 ut
1237 2245 1400 2316 ldattlraeu

396 2368 541 2432 testator.
556 2365 639 2434 Sunt
654 2371 686 2432 et
702 2360 881 2454 scriptume
897 2357 1079 2441 doctorum,
1096 2359 1271 2452 Augustini
1289 2359 1401 2432 etalio·

398 2495 483 2552 rum,
500 2495 581 2568 quos
598 2497 618 2545 a
637 2472 761 2566 Spiritu
777 2476 899 2545 Sancto
915 2473 1042 2567 adjutos
1057 2473 1129 2568 qnia
1145 2473 1283 2556 dubitat,
1298 2475 1402 2546 mun

398 2608 512 2657 eorum
529 2588 582 2660 vel
598 2589 736 2660 omuino
752 2609 818 2659 ooo
836 2587 928 2669 ridit,
945 2587 1000 2658 vel
1015 2587 1042 2658 si
1060 2587 1153 2668 vidit,
1163 2587 1299 2658 minime
1312 2589 1399 2680 degu-

398 2700 505 2772 stavit
530 2705 604 2775 Post
631 2701 811 2776 Ecclesiam
837 2725 916 2776 vero
941 2713 1015 2775 suut
1041 2701 1243 2784 traditiones,
1257 2727 1330 2798 quas
1344 2705 1402 2772 lle·

399 2815 536 2888 cretales
551 2816 679 2890 dicunt:
693 2841 780 2912 quae
795 2815 929 2912 quidem
948 2817 1007 2888 etsi
1024 2816 1218 2890 auctoritate
1235 2815 1403 2912 Apostolira

399 2929 466 3000 sint
481 2935 696 3012 venerandae,
713 2931 949 3004 tundamentui
967 2942 1078 3002 tamen
1095 2931 1276 3026 acciptruae
1292 2943 1403 3026 postpo-

399 3047 523 3117 naudus
539 3069 606 3118 ease
621 3046 837 3120 dubitandum
855 3069 920 3116 oou
938 3057 994 3129 est,
1012 3069 1087 3118 cum
1104 3043 1253 3118 Christus
1269 3045 1404 3120 Sacerdo-

401 3168 449 3229 tea
465 3159 690 3253 objurgaverit
704 3162 744 3232 de
763 3161 937 3232 contrario.
954 3161 1038 3232 Cum
1054 3159 1144 3232 euim
1162 3159 1404 3257 intenogasot

405 3275 512 3358 Odore
528 3275 737 3366 discipulitui
747 3277 950 3348 traditionem
957 3275 1405 3368 maiorumtrumgrediuctul

402 3388 632 3484 (negligebant
648 3388 739 3460 cuim
756 3413 892 3462 maouru
909 3389 1086 3482 lotionem)
1103 3389 1252 3462 Claristm
1277 3389 1322 3462 eis
1337 3389 1405 3462 lut·

403 3503 479 3576 theu
495 3515 632 3580 runnu
648 3504 830 3600 respoudit:
842 3506 987 3588 Ouoreet
1004 3527 1056 3576 uos
1066 3505 1404 3596 transgrediminiatut·

406 3619 517 3690 dotum
542 3620 605 3692 liei
626 3633 757 3714 propter
781 3621 984 3690 traditionem
1007 3625 1166 3690 oestrum?
1191 3623 1230 3692 lu
1255 3641 1319 3716 quo
1344 3613 1405 3690 tulit

406 3729 525 3813 innuit.
552 3735 760 3820 traditionem
777 3736 1043 3830 postponendam.
1068 3737 1162 3822 Quod
1194 3734 1404 3810 sitraditioutt

407 3847 581 3932 Ecclesiae,
591 3859 663 3942 post
680 3850 861 3922 Ecclesiam
878 3862 961 3932 suot,
971 3861 1008 3921 ut
1016 3851 1219 3924 declaratum
1229 3863 1401 3932 erucem·

396 3971 460 4046 est,
477 3972 513 4038 ut
539 3981 605 4035 uon
631 3964 797 4038 Ecclesiae
822 3987 843 4039 a
867 3963 1108 4046 traditionibus,
1132 3965 1188 4038 sed
1214 3965 1260 4040 ab
1283 3951 1402 4040 ΕΜ*
