2964 4996
550 423 624 492 805
867 435 1047 500 eetsuouae

530 550 587 613 24.
604 543 699 628 Quod
719 549 827 612 autem
846 543 885 612 dc
902 542 1015 614 diviua
1031 543 1107 613 iuee
1125 544 1196 635 pim
1209 545 1319 636 recipiat
1330 561 1375 638 pet

449 659 588 752 probari
605 681 664 751 per
680 656 754 726 duo.
771 654 881 726 Primo
899 677 957 747 per
972 679 1065 726 suum
1085 656 1199 726 omnia
1214 657 1380 734 contineam

453 770 546 842 uullo
562 768 996 860 continerit110).Seeundo
1013 792 1071 861 per
1080 769 1299 861 sempiternam
1306 775 1382 864 quiam
1418 769 1419 860 ζ

453 885 525 953 sive
542 907 665 976 pacem.
682 885 847 968 Quantum
872 882 913 954 ad
939 880 1084 974 primum
1112 882 1262 974 pmhatur
1280 885 1384 952 sicuti
1418 863 1419 946 i

455 1019 585 1068 neusse
601 995 699 1068 hahet
714 997 756 1066 ad
773 1003 958 1065 contentum
979 996 1014 1063 iu
1039 997 1187 1066 naturali
1211 996 1274 1076 situ,
1286 998 1385 1066 sicutte

454 1111 618 1182 mativum
636 1111 675 1180 ad
691 1108 866 1178 formabile
884 1109 990 1200 (111),
1006 1119 1043 1176 ut
1058 1108 1204 1178 habetur
1217 1119 1312 1203 quam
1327 1109 1383 1198 itte

457 1247 573 1294 eorum
584 1225 689 1318 (112).
699 1224 761 1296 sed
773 1222 806 1290 in
817 1220 1030 1294 naturalisitu
1045 1221 1151 1292 totius
1170 1221 1295 1292 uuiveui
1306 1223 1383 1314 pmu

452 1341 584 1410 eoelum
603 1349 650 1409 est
664 1338 778 1408 omnia
795 1336 979 1416 contineam
995 1360 1076 1428 eigo
1103 1359 1140 1408 se
1165 1337 1256 1406 habet
1276 1337 1305 1406 ai
1321 1335 1384 1410 amit

451 1451 541 1522 -sicut
557 1451 769 1522 formativum
786 1450 827 1522 ad
845 1447 1026 1530 formabile,
1043 1451 1134 1544 quud
1152 1459 1209 1532 est,
1223 1472 1254 1518 ee
1265 1447 1384 1538 utel:

456 1567 594 1634 modum
612 1585 735 1634 cumae.
753 1566 796 1632 Et
811 1583 914 1656 quum
930 1562 1036 1632 omnis
1052 1563 1106 1632 vis
1123 1561 1268 1633 causandi
1284 1561 1311 1629 a't
1325 1559 1385 1628 tatia·

454 1678 592 1772 quidam
610 1677 749 1748 influens
766 1701 786 1748 a
802 1677 911 1770 prima
927 1699 1032 1756 causa,
1046 1701 1138 1770 quae
1156 1681 1241 1747 Deus
1259 1687 1291 1748 et
1303 1673 1384 1742 meite

459 1801 546 1862 stum
562 1792 713 1885 estquod
731 1789 809 1862 illud
827 1790 1058 1882 metumquod
1077 1790 1191 1884 magis
1206 1785 1380 1860 tatenmu

464 1929 588 1990 causae,
607 1903 712 1997 magis
729 1904 768 1974 de
783 1903 857 1973 luce
873 1901 986 1972 diviua
1003 1901 1134 1994 recipit.

540 2136 597 2202 25.
622 2133 787 2217 Quantum
813 2132 854 2202 ad
885 2130 1058 2202 secuudum
1090 2130 1246 2224 probatur
1268 2125 1311 2198 sic:
1330 2123 1386 2192 tiae

456 2246 549 2340 quod
566 2257 727 2328 movetur,
746 2255 897 2316 movetur
913 2255 1044 2338 propter
1061 2245 1201 2340 aliquid,
1217 2242 1285 2336 qued
1304 2233 1387 2305 noth*

463 2357 527 2437 bet,
553 2359 639 2452 quod
665 2374 713 2428 est
737 2358 896 2428 termium
920 2357 968 2428 sui
996 2367 1113 2441 motus,
1140 2358 1222 2428 sieut
1235 2349 1386 2424 metante

464 2481 615 2542 movetur
633 2481 763 2564 propter
779 2471 923 2564 aliquam
941 2481 1068 2562 partem
1092 2471 1156 2554 aui,
1180 2491 1258 2564 quae
1276 2485 1323 2532 aea
1336 2457 1385 2525 itit

466 2581 546 2652 illud
565 2581 623 2650 ubi
641 2584 748 2676 (113),
758 2583 800 2653 ad
816 2585 904 2675 qued
923 2593 1125 2656 movetueet
1135 2584 1211 2678 quia
1225 2579 1266 2651 sui
1279 2591 1384 2670 perspt

458 2694 546 2765 libet
563 2694 671 2790 (111)
683 2718 750 2766 nou
768 2698 885 2792 adepto
900 2699 1045 2793 quolibet
1062 2699 1122 2769 ubi
1141 2697 1242 2792 (quod
1256 2702 1293 2764 eet
1307 2679 1383 2778 inp&

466 2808 554 2903 bile),
571 2822 720 2882 movetur
736 2813 777 2882 ad
794 2811 893 2894 aliud,
910 2813 985 2882 iude
1002 2823 1057 2894 eet,
1074 2815 1164 2907 quod
1177 2831 1292 2903 semper
1307 2807 1384 2873 matu

467 2935 499 2994 et
525 2948 707 3020 numquam
733 2926 878 3020 quiescit,
905 2937 936 2998 et
961 2938 1007 2998 eet
1033 2928 1103 3020 ejus
1129 2925 1278 3021 appetitus
1296 2907 1383 3009 ilii·El

463 3041 551 3132 quod
568 3040 642 3110 dico
658 3041 698 3110 cle
715 3040 806 3110 coelo
821 3040 929 3124 lunae,
946 3041 1194 3134 intelligendum
1209 3045 1253 3108 eet
1265 3036 1297 3104 de
1307 3021 1382 3140 tetii²¹

466 3160 595 3242 praeter
611 3153 765 3245 primum.
782 3155 890 3224 Omue
906 3177 995 3247 ergo,
1011 3156 1097 3248 quod
1117 3161 1266 3228 movetur,
1279 3157 1311 3214 ut
1324 3131 1366 3206 5¹²¹

462 3287 531 3358 quo
547 3265 683 3348 deiectu,
700 3278 732 3338 et
748 3291 814 3337 uon
832 3268 929 3340 habet
945 3278 1050 3338 totum
1066 3291 1162 3338 suum
1186 3287 1247 3336 esec
1267 3239 1382 3366 eutitii

468 3376 570 3470 igitur
586 3379 724 3462 coelum,
740 3383 827 3475 quod
846 3406 866 3452 a
884 3381 976 3452 nullo
994 3393 1155 3462 movetur,
1172 3380 1203 3448 ia
1219 3400 1258 3456 ee,
1271 3383 1296 3442 et
1307 3364 1385 3455 (pau

468 3493 616 3587 qualibet
632 3494 681 3566 eui
699 3505 791 3588 parte
808 3495 907 3568 habet
923 3495 1078 3590 quidquid
1096 3505 1199 3589 potest
1213 3489 1294 3561 mede
1305 3476 1385 3574 ΡΜ

469 3605 516 3676 ita
531 3611 619 3701 quod
637 3619 728 3680 motu
745 3633 811 3680 uea
830 3610 955 3704 indiget
971 3612 1012 3681 ad
1023 3633 1117 3680 suam
1129 3604 1323 3703 perfectionem
1333 3585 1387 3705 im*

471 3723 513 3791 Et
529 3745 630 3818 quum
647 3724 754 3796 omnis
770 3725 926 3818 perfectio
941 3725 983 3794 sit
998 3724 1110 3794 radius
1135 3720 1237 3817 primi,
1257 3711 1317 3808 quoi
1332 3709 1384 3770 δ’(

464 3857 598 3908 summo
614 3839 718 3930 gradu
727 3838 952 3931 perfectiouis3
963 3838 1172 3910 manifestam
1189 3824 1309 3923 oeqqaod
1319 3811 1380 3886 ‘ff'

472 3947 617 4042 primum
635 3953 741 4044 magis
759 3953 874 4046 recipit
890 3953 930 4023 de
947 3953 1019 4025 luce
1035 3952 1148 4045 primi,
1164 3949 1215 4045 qui
1229 3941 1339 4016 tame
1350 3923 1378 3987 (ι
