2890 4978
475 447 550 564 μθ
686 458 729 511 un
754 436 902 511 dumam
929 455 1072 518 amento

642 635 645 651 ’
751 680 896 754 ennon
920 679 1011 752 xcx.

349 936 455 998 QUOD
471 931 639 985 mtotttra
656 931 793 985 mantea
812 929 858 982 Al)
875 930 969 981 utto!
985 927 1221 993 mmm,
1240 931 1280 982 fl
1295 929 1376 982 ΠΜ

497 1056 499 1066 “
640 1123 653 1148 x
684 1045 907 1098 cernuam
924 1045 1086 1096 tantm

421 1249 495 1326 lloc'
519 1261 630 1324 autem
657 1251 814 1346 Vulgare,
830 1251 917 1347 quod
944 1249 1373 1335 lllurtrc‚Ca1drnnle,dnli

371 1391 448 1455 eum
472 1391 550 1452 enee,
568 1377 600 1440 et
624 1367 754 1446 Curinle
779 1379 944 1438 mtenaum
970 1378 1028 1450 est,
1044 1368 1190 1438 dicimus
1214 1391 1278 1438 aare
1300 1363 1371 1440 iltnt.

371 1483 457 1578 quod
475 1483 623 1578 Vulgare
639 1464 795 1554 Latinum
812 1482 1005 1576 appellatur.
1022 1485 1111 1554 Nam
1128 1482 1213 1554 siccat
1234 1481 1370 1577 quoddam

371 1598 518 1693 Vulgare
536 1609 583 1670 cet
599 1597 759 1681 invenire,
776 1598 863 1693 quod
882 1597 1052 1691 proprium
1070 1607 1120 1668 eet
1136 1597 1323 1674 Cremonae,
1334 1591 1369 1662 eie

370 1713 533 1807 quoddam
552 1723 599 1786 eat
616 1712 774 1795 invenire,
791 1716 877 1808 quod
895 1713 1067 1807 proprium
1094 1725 1143 1786 eat
1168 1711 1368 1784 Lombudiae

371 1839 403 1898 et
419 1828 504 1902 sicut
520 1841 568 1900 est
585 1829 735 1902 invenire
761 1828 903 1922 aliquod,
919 1829 1004 1924 qnod
1029 1829 1072 1899 eit
1097 1831 1268 1923 proprium
1291 1829 1368 1898 lon·

370 1940 515 2026 bertilae,
525 1945 572 2014 aie
582 1954 629 2016 eet
648 1943 796 2014 invenire
814 1943 957 2038 aliquod,
968 1943 1053 2038 qnod
1070 1943 1114 2016 eit
1131 1943 1231 2016 totins
1246 1941 1367 2012 sinistrae

369 2057 485 2129 ltaliae
501 2060 684 2153 pmprinm3
711 2067 744 2128 ct
768 2055 852 2129 sicut
866 2058 981 2128 omnia
998 2057 1079 2130 haec
1095 2069 1147 2130 eat
1164 2056 1310 2134 invenire,
1331 2051 1365 2122 cic

369 2174 401 2240 et
419 2169 498 2248 illud
515 2172 601 2267 quod
619 2171 718 2243 totius
734 2171 849 2244 ltaliae
867 2183 923 2254 eet,
940 2180 974 2242 et
989 2171 1072 2244 stem
1094 2171 1179 2244 illud
1196 2172 1367 2242 Cremonen·

367 2305 412 2368 re,
424 2308 463 2356 ac
480 2285 561 2358 illud
573 2287 808 2369 Lomlnardum
818 2296 851 2357 et
867 2287 999 2359 tertium
1018 2284 1287 2368 Semilatinm,eic
1301 2277 1364 2352 istud

367 2399 454 2495 quod
471 2402 568 2474 totius
593 2401 707 2474 ltaliae
732 2411 788 2485 cet,
807 2401 961 2474 Latinum
978 2403 1127 2496 Vulgare
1153 2413 1287 2474 vocatur.
1308 2395 1365 2464 Hoc

367 2514 457 2586 enim
474 2516 524 2587 usi
540 2528 615 2589 sunt
625 2519 781 2588 Doctores
799 2515 948 2598 illustres,
958 2516 1014 2611 qui
1032 2515 1151 2610 lingua
1161 2509 1284 2606 Vulgari
1299 2527 1362 2599 poe·

367 2629 427 2700 tati
452 2643 526 2702 eum
552 2631 587 2702 in
604 2631 710 2713 ltalia,
726 2640 764 2703 ut
788 2630 899 2712 Siculi,
916 2631 1027 2725 Apuli,
1046 2633 1154 2712 Tusci,
1172 2615 1360 2703 numantini.

367 2741 547 2816 Lombnnli
565 2756 597 2817 et
612 2745 779 2842 utriusque
797 2743 965 2818 llnrelriae
988 2745 1063 2816 viri.
1081 2749 1126 2817 Et
1150 2745 1227 2842 quia
1251 2731 1362 2810 intenll⁰

344 2913 346 2920 ,
366 2868 486 2940 noema,
504 2870 540 2931 ut
556 2860 696 2954 polliciti
713 2881 825 2932 eumue
842 2859 876 2928 in
894 2859 1059 2953 principio
1084 2859 1185 2956 hujus
1208 2851 1360 2950 oporicen

247 3011 250 3020 ν
366 2971 551 3043 doctrinam
568 2975 608 3044 de
625 2973 764 3068 Vulgari
785 2972 979 3068 Eloquentia
996 2973 1135 3044 tradere:
1152 2973 1196 3044 ab
1220 2969 1291 3062 ipen,
1307 2969 1363 3030 lat·

365 3108 466 3179 quam
483 3088 527 3158 ab
543 3087 813 3175 excellentissimo
830 3087 1032 3180 incipientes,
1048 3109 1128 3184 quoe
1153 3095 1295 3181 putamus
1308 3077 1362 3167 lost

366 3199 484 3294 dignos
499 3201 560 3285 uti,
579 3213 613 3274 et
639 3213 773 3297 propter
797 3202 885 3298 quid,
911 3214 945 3273 et
968 3201 1144 3298 quomodo,
1163 3221 1222 3270 nec
1236 3213 1295 3265 non
1308 3183 1360 3262 ull

366 3318 507 3409 quaudo,
517 3328 550 3389 et
566 3319 607 3389 ad
624 3341 703 3414 quoa
721 3318 828 3412 ipsum
844 3318 1051 3412 dirigendum
1067 3316 1119 3397 sit,
1138 3317 1174 3386 in
1190 3299 1360 3385 immediatis
1425 3315 1426 3320 ’

210 3529 213 3534 λ
365 3421 462 3530 libris
477 3433 698 3505 tractabimus:
713 3431 831 3528 quibus
849 3431 1051 3515 illuminatio,
1062 3431 1217 3502 inferiora
1227 3412 1359 3512 Vulgarit

367 3547 556 3622 illuminare
581 3550 777 3631 curabimus.
793 3548 957 3643 gradatim
982 3549 1207 3622 descendentes
1229 3539 1267 3615 ad
1289 3525 1359 3606 llud·

366 3663 452 3757 quod
469 3664 564 3737 unius
580 3664 678 3737 soline
694 3663 840 3737 familiae
857 3663 1028 3759 proprium
1044 3675 1101 3736 et
