2890 4978
404 427 502 491 arnan
529 437 690 492 smarnos
800 433 803 440 ’
882 423 953 492 tst

49 549 152 632 brutis,
169 549 349 622 meandum
373 547 460 642 quod
485 546 655 628 rationale,
673 546 844 618 honestum
867 549 1004 644 quaerit,
1021 549 1059 623 iu

48 689 102 761 quo
117 668 206 736 solus
222 675 279 742 est,
295 663 348 735 vel
364 662 543 755 angelicae
565 671 700 733 naturae
724 660 873 735 socinum
890 667 952 736 Per
975 666 1058 740 haec
1145 753 1146 758 ,

48 781 101 848 uia
114 778 271 872 prioquitl
289 777 426 870 agimus,
436 798 533 869 agere
549 775 753 858 videmur-,et
767 777 845 872 quia
862 778 898 848 iu
912 781 1059 874 qrrolibet

50 891 175 964 isorurn
192 892 356 988 quaedam
372 890 595 984 suutmajora,
605 891 768 984 quaedam
778 891 934 974 maxima,
944 917 1059 965 secun-

50 1007 115 1078 tan
125 1009 212 1104 quod
223 1005 312 1089 talia,
321 1029 405 1101 quae
415 1005 561 1077 maxima
577 1014 662 1086 arnt
672 1005 817 1077 maxime
834 1009 1061 1100 pertractanda

52 1121 201 1204 sideumn
210 1133 243 1194 et
260 1143 319 1215 per
335 1143 532 1214 consequeus
548 1119 696 1190 maximo
713 1120 863 1213 Vulgari.
881 1122 943 1194 Sed
960 1122 1060 1194 disse·

52 1237 177 1306 rendum
194 1247 253 1318 est,
270 1257 354 1330 qtaae
379 1233 528 1305 maxima
553 1233 629 1314 aiut3
655 1245 688 1304 et
713 1234 823 1327 primo
847 1235 882 1306 iu
907 1259 947 1308 eo
971 1238 1059 1332 quod

52 1359 91 1420 est
105 1349 193 1421 ntrlet
212 1349 247 1420 in
262 1373 330 1445 qm
346 1349 374 1420 ai
391 1347 508 1420 callide
533 1345 775 1419 consideremus
799 1347 961 1419 intentum
986 1372 1060 1419 orn-

55 1465 135 1535 nium
151 1465 381 1560 quaerentium
398 1463 584 1544 utilitatem,
602 1461 650 1534 nil
676 1461 776 1543 aliud,
792 1487 894 1558 quam
920 1465 1062 1536 saltitem

56 1578 254 1652 inveniemus.
265 1579 450 1652 Secundum
462 1579 497 1648 in
513 1578 659 1672 eo‚quod
676 1588 723 1648 est
732 1577 933 1649 delectabile:
944 1579 979 1650 in
995 1603 1061 1675 qno
1209 1643 1213 1649 .

55 1695 180 1766 licinus
196 1695 279 1766 illud
304 1717 371 1764 esse
397 1693 542 1765 maxime
566 1692 768 1772 delectabile,
790 1693 878 1787 quod
904 1719 963 1786 per
987 1720 1062 1788 pre-

57 1811 259 1884 tiosissimum
274 1810 441 1906 objeotum
450 1807 613 1902 appetitus
629 1808 776 1880 delectat·
794 1808 856 1878 hoo
872 1821 984 1881 auum
994 1813 1061 1882 Ve-

58 1947 113 1996 nus
130 1925 241 1998 Tertio
259 1926 294 1994 in
311 1947 360 2006 eo,
377 1925 464 2018 quod
482 1933 530 1994 est
547 1921 727 1992 honestum:
746 1923 781 1992 iu
796 1945 863 2016 quo
879 1945 977 1994 nemo
1001 1926 1066 1995 du·

59 2037 126 2112 litat
140 2039 400 2130 essel'irtutem.
410 2039 518 2123 Quare
534 2034 616 2106 haee
632 2035 706 2116 tria,
717 2035 982 2116 Salusvialelioet,
992 2039 1062 2108 Ve-
1162 2081 1163 2086 =

60 2173 116 2232 ata,
131 2153 245 2225 Virtus
261 2162 420 2246 apparent
435 2173 502 2221 esse
519 2149 577 2220 illa
594 2149 874 2244 magontiaque
898 2150 967 2220 sint
988 2173 1065 2221 ma·

60 2265 132 2336 xime
148 2264 388 2360 pertractanda,
405 2263 468 2334 hoc
493 2275 541 2335 est
566 2285 615 2344 ea,
638 2285 723 2356 quae
746 2263 895 2334 maxima
921 2275 996 2334 suot
1020 2265 1062 2336 ad

61 2377 116 2460 ista,
130 2391 165 2452 ut
180 2401 350 2451 armorum
368 2378 522 2472 probitas,
545 2377 667 2448 amoris
692 2377 849 2460 accensio,
867 2386 901 2448 et
924 2379 1063 2450 directio

61 2491 226 2564 rolmtatis
242 2493 339 2562 Circa
354 2517 439 2587 qnae
463 2491 542 2574 sola,
558 2491 587 2561 si
613 2493 695 2563 bene
720 2493 904 2574 reoolimus,
923 2491 1065 2564 illustres

62 2607 132 2680 viros
146 2607 333 2681 invenimus
350 2608 531 2701 vulgariter
547 2619 703 2700 poetasses
719 2608 843 2678 scilicet
854 2609 1064 2678 Bertramum

62 2720 229 2794 osonio
254 2725 370 2805 Arme
395 2723 579 2794 Amaldum
605 2723 787 2805 Danielem,
813 2724 983 2804 Amorem3
1001 2727 1064 2794 Ge-

63 2837 665 2918 anonoesomallo‚1taoitudinom;
681 2837 811 2910 (linum
822 2825 1063 2922 Pistoriensem,

64 2949 213 3035 inoremt
229 2949 386 3024 Amicum
403 2950 482 3044 ejus,
500 2949 751 3022 lieotitudinem.
873 2939 880 2967 ¹

350 3066 540 3136 Bortraruus
558 3063 679 3134 etenim
696 3063 754 3134 ait:

122 3179 196 3252 Noa
209 3191 268 3274 p'or
284 3181 343 3251 atel
358 3180 424 3262 dot,
440 3201 500 3248 eoo
515 3191 627 3250 mator
641 3203 683 3250 oo
699 3181 841 3272 caputio.

466 3295 639 3368 Arualdus:

124 3409 232 3482 loom
248 3409 422 3508 oomrefot
438 3409 530 3478 mont
545 3411 696 3479 truncam
712 3409 827 3480 maor.

472 3524 643 3595 Gerarrlus:

126 3637 188 3710 Piri
202 3639 289 3712 sotor
303 3637 461 3721 remittor,
477 3661 534 3732 pac
552 3660 608 3730 par
624 3651 695 3732 trop
710 3637 885 3708 eodmmir.

499 3753 617 3826 Cinus:

127 3865 232 3962 Deque
248 3893 308 3942 sos
324 3871 358 3940 io
374 3872 428 3942 ott
444 3892 543 3942 moro.
