2890 4978
462 345 563 460 ι509
708 407 752 461 na
770 406 919 460 minam
935 403 1080 468 sinemo

388 539 502 590 eornm
520 523 692 588 tractatum
710 515 745 586 in
764 523 930 609 posterum
947 531 1173 610 promgamns,
1188 533 1263 586 cnm
1277 513 1324 587 de
1341 537 1408 590 ne·

387 629 491 702 dionei
508 637 658 723 poemate
674 628 886 700 intendemus
902 629 942 698 ln
958 626 1123 722 principio
1147 625 1243 722 hnjm
1258 628 1405 724 Capituli

385 745 547 840 quaedam
565 743 738 814 reseranda
755 741 919 816 videntur.
937 741 1052 814 Unam
1068 750 1117 812 est
1134 740 1263 814 Stantia
1278 741 1350 813 aive
1365 743 1405 812 ri-

336 841 340 852 “
386 859 519 940 enimus
536 857 570 927 n
595 879 662 952 qua
687 855 777 928 naua
801 853 1014 928 rithimomn
1038 851 1198 928 naimo
1223 855 1404 936 maner,

387 983 421 1044 at
445 971 630 1066 tnjusmodi
653 967 793 1042 Stantiis
818 991 894 1044 nsns
918 982 968 1042 est
984 969 1150 1044 dmaidm
1174 967 1325 1044 Danielis
1348 971 1403 1041 tn·

388 1085 611 1183 quentissims,
628 1086 718 1158 velut
734 1083 799 1155 ibi:

463 1201 537 1272 Sem
550 1199 597 1294 [os
613 1199 775 1284 Amenda
787 1199 857 1291 pini
872 1199 986 1280 donar.

389 1315 433 1390 Et
448 1336 508 1388 nos
522 1313 684 1388 diximm:

465 1430 601 1522 dtpwa
615 1431 740 1522 pinsas,
757 1429 796 1502 ed
811 1431 846 1502 at
860 1451 943 1524 praa
957 1429 1081 1504 maiia
1096 1427 1255 1502 domm.

391 1541 490 1616 diind
506 1552 554 1615 est
570 1543 708 1627 Stantia,
723 1543 817 1639 cnjus
840 1544 955 1616 omnia
979 1541 1130 1618 earmina
1153 1544 1296 1616 eundem
1320 1543 1401 1614 titii·

392 1677 487 1727 mum
503 1657 650 1742 reddunt,
666 1655 701 1726 in
718 1677 785 1752 qua
800 1657 1003 1751 superfluum
1020 1680 1087 1730 esse
1104 1667 1231 1728 eonatat
1247 1655 1402 1730 habitudi-

392 1793 471 1844 nem
487 1793 653 1866 quaerere.
668 1773 724 1846 sie
741 1772 878 1866 proinde
894 1783 993 1848 restat
1009 1772 1098 1844 cirea
1120 1771 1276 1844 rithimos
1299 1773 1403 1844 nam

392 1897 524 1960 tentum
535 1887 658 1960 debere
684 1885 807 1968 insisti3
824 1896 857 1958 et
875 1877 985 1985 primo
1008 1887 1179 1960 sciendum
1193 1897 1254 1970 est,
1271 1887 1352 1982 qnod
1373 1885 1402 1956 in

394 2001 712 2094 hoc-amplissimam
728 2001 792 2072 sibi
813 2002 983 2079 lieentiam
1008 2003 1076 2074 iare
1099 2023 1216 2072 omnes
1242 2011 1403 2082 manant

395 2125 428 2184 at
443 2137 485 2186 an
500 2113 563 2186 soe
579 2114 725 2186 maxime
752 2116 852 2195 totins
876 2117 1046 2188 armoniae
1069 2115 1207 2189 duleedo
1234 2115 1402 2188 intenditur.

395 2227 621 2300 Snntetanim
646 2229 791 2324 quidam,
806 2230 865 2326 qui
890 2253 956 2302 non
980 2243 1095 2302 omnes
1118 2229 1313 2325 quandoqn
1333 2227 1404 2300 dasi-

396 2341 527 2414 nentias
546 2343 732 2418 narminnm
757 2343 969 2430 aithimantnr
994 2346 1030 2416 in
1053 2345 1170 2418 eadem
1197 2341 1400 2426 standand

397 2456 527 2526 easdam
552 2467 718 2550 repetunt,
733 2457 803 2532 siae
828 2457 1041 2532 rithinaantnr
1064 2457 1100 2530 in
1125 2458 1217 2543 aliis,
1239 2458 1322 2530 sient
1351 2455 1406 2530 init

395 2570 511 2642 Gottns
526 2571 731 2655 Mantuanus,
745 2572 805 2668 qni
821 2595 895 2646 snas
911 2573 1042 2656 multas,
1059 2581 1092 2644 et
1116 2571 1219 2644 bonas
1241 2569 1408 2642 Candonas

398 2683 493 2754 nobis
508 2706 566 2756 ore
582 2694 675 2756 tanus
692 2685 868 2760 intimavit.
885 2687 950 2760 Hie
966 2707 1097 2782 semper
1113 2685 1149 2756 in
1165 2683 1290 2760 Stantia
1311 2703 1406 2756 nnnm

399 2823 532 2872 carmen
550 2800 778 2881 incomitatum
793 2802 934 2886 texebat,
950 2801 1039 2900 qnod
1055 2801 1194 2874 Clavem
1220 2797 1404 2878 masana

397 2915 480 2987 sieut
493 2918 534 2988 de
550 2939 617 2988 nno
632 2916 720 3000 licet,
728 2917 807 2990 lieet
820 2918 923 2993 stiam
939 2920 981 2990 de
998 2917 1124 2992 duobus
1140 2927 1173 2988 et
1189 2916 1275 2988 forts
1290 2915 1329 2986 de
1342 2911 1403 3008 pin-

399 3029 499 3100 ribus
515 3033 660 3118 Quidam
677 3032 837 3118 aliisnnt,
861 3043 895 3104 et
919 3034 988 3106 fem
1012 3055 1127 3104 omnes
1150 3029 1346 3104 cantionum
1361 3025 1403 3096 is·

399 3153 564 3224 ventosas,
588 3145 645 3241 qni
671 3147 798 3220 nullum
823 3147 858 3218 in
883 3149 1011 3222 Stantia
1035 3169 1168 3220 maman
1194 3145 1405 3221 incomitatum

399 3375 505 3458 nnius,
522 3375 575 3448 vel
592 3377 755 3469 plurium
771 3385 803 3448 et
818 3377 952 3472 quidem
969 3375 1113 3450 diversos
1129 3372 1286 3446 tithimos
1303 3368 1404 3442 iaciunt

398 3511 467 3562 esse
483 3513 610 3574 eomm,
620 3514 704 3586 quas
722 3501 794 3586 post
809 3489 964 3564 dieroeim
980 3489 1131 3564 earmina
1146 3497 1264 3572 nanta
1280 3479 1403 3560 fidinis

328 3621 329 3626 ’
399 3627 526 3706 eom·
542 3629 625 3702 qnae
641 3617 715 3678 sunt
731 3615 823 3688 ante;
839 3605 976 3703 qnidam
992 3627 1072 3680 sam
1097 3625 1164 3676 non
1185 3601 1247 3688 sie,
1262 3601 1318 3676 sed
1338 3593 1403 3670 duf-

402 3718 531 3788 nentina
547 3719 720 3791 anterioris
738 3719 884 3794 Stantias
902 3720 989 3792 inter
1013 3728 1142 3816 postera
1166 3715 1316 3792 carmina
1337 3707 1403 3784 asie·

402 3840 514 3904 rentm
530 3830 688 3906 intexunt
705 3833 900 3929 Saepissime
916 3844 1029 3907 tamen
1045 3833 1109 3906 hoc
1124 3831 1163 3906 iit
1186 3829 1223 3902 in
1247 3819 1404 3904 desinet&

405 3944 506 4039 {trimi
524 3949 751 4040 posteriomm,
766 3973 865 4047 qnam
885 3949 1032 4047 plenique
1049 3947 1271 4032 rithimantur,
1286 3942 1315 4018 ei
1338 3957 1405 4038 apte
