3034 4986
551 549 558 656 )
627 651 631 658 .
698 527 950 616 'sensnum’
968 533 1027 615 vt.

378 791 560 850 andusenco
577 791 688 856 anons
703 790 901 846 mmonroso
918 771 965 866 (1)
990 783 1131 848 murno.
1156 784 1292 840 oonrno
1315 777 1401 838 nan

380 909 383 916 ·
430 909 557 960 onnnor
574 909 620 959 nn
635 885 1204 981 watn,nncnn10(2lsacuarrssm
1224 903 1269 951 xx
1286 899 1404 950 mm

431 1023 691 1074 nurucrnarusnn
701 1017 787 1072 ouon
797 1020 933 1098 canona
944 1017 1157 1070 uncinum
1173 1011 1334 1066 neemia
1346 990 1408 1082 (3).

380 1137 615 1190 usvorrssmus
632 1135 708 1189 sons
723 1133 853 1188 onnrcs
870 1134 1080 1191 accensurus.
1098 1122 1407 1181 rroxxrrrnnm-

435 1249 547 1311 rmnn
564 1249 629 1303 non
646 1249 791 1303 moninus
809 1227 867 1322 (t),
883 1247 993 1300 vnn
1010 1247 1122 1298 ouran
1147 1244 1217 1295 exn
1240 1239 1405 1293 meon

435 1363 605 1418 orurunna
621 1364 779 1422 mercum.
797 1361 840 1415 nr
861 1359 1014 1416 ntonrosr
1040 1357 1178 1412 nomnns
1203 1353 1411 1409 mmo!

435 1479 687 1532 rossemannum.

465 1687 494 1752 l.
520 1681 646 1778 Inclyta
672 1683 718 1778 (5)
744 1694 870 1755 vestrae
896 1678 1163 1776 magnificentiae
1184 1677 1267 1757 lam,
1291 1699 1408 1772 mam

387 1795 477 1868 lama
493 1794 576 1892 vigil
592 1797 767 1868 volituuter
783 1795 1039 1882 disseminatus
1055 1791 1204 1866 distrahit
1217 1793 1253 1863 in
1267 1791 1408 1862 diversa

387 1910 541 1994 diversos,
558 1923 594 1982 ut
609 1912 668 1992 hoe
685 1911 720 1980 in
745 1933 837 2005 spem
861 1933 938 1982 suae
963 1909 1188 2004 prosperitatis
1203 1907 1250 2002 (ὅ)
1266 1903 1409 1986 auollat,

388 2021 448 2096 lios
463 2025 651 2097 exterminii
666 2022 800 2120 dejiciat
816 2025 851 2093 in
868 2035 1037 2096 terrorem.
1055 2027 1128 2094 Hoc
1152 2023 1288 2118 quidem
1312 2045 1413 2114 prae·

390 2140 533 2220 conium,
559 2137 645 2210 lucta
670 2137 716 2233 (7)
743 2140 976 2210 modernorum
1002 2161 1215 2232 exsuperans,
1241 2147 1413 2230 tamquam

289 2269 293 2276 '
390 2252 461 2324 veri
478 2251 616 2324 msoutia
632 2251 741 2334 latius,
751 2249 937 2324 arbitrabar
953 2251 999 2323 ali
1010 2252 1056 2346 (8)
1066 2251 1412 2345 murtuensem

390 2390 433 2437 ne
458 2366 613 2438 diuturna
637 2387 691 2436 me
716 2363 816 2436 nimis
840 2364 1037 2436 incertitudo
1066 2365 1299 2458 suspenderet,
1324 2361 1412 2431 velut

392 2480 504 2551 Austri
523 2475 637 2574 regina
654 2478 859 2552 Hierusalem
878 2479 981 2572 petiit,
999 2481 1088 2552 velut
1105 2479 1214 2550 Palles
1233 2478 1329 2573 petiit
1343 2479 1411 2548 uc-

392 2594 547 2676 liconam
565 2597 733 2667 Veronam
750 2595 829 2689 petii
849 2594 921 2666 fidis
946 2592 1049 2665 oculis
1064 2593 1279 2666 discursurus
1293 2591 1410 2664 Audita

395 2709 517 2802 ubique
533 2707 703 2802 magnalia
718 2719 826 2781 vona
841 2706 922 2791 vidi,
938 2708 1008 2780 nidi
1026 2708 1185 2780 beneficia
1202 2707 1346 2778 simulet
1361 2715 1411 2774 te·

395 2822 473 2917 tigi3
484 2835 517 2894 et
532 2821 811 2918 quemadmodum
821 2822 914 2917 prius
922 2821 1085 2892 dictorum
1101 2821 1295 2916 suspicabar
1306 2841 1413 2890 excea-

395 2957 479 3014 sum.
495 2935 543 3006 sic
560 2936 717 3029 posterius
734 2936 804 3028 ipsa
825 2936 913 3006 lacta
930 2935 1093 3007 excessivo
1111 2936 1267 3029 cognovi.
1282 2937 1355 3022 uno
1370 2935 1414 3004 la·

396 3057 486 3116 cturn
504 3058 560 3128 est,
577 3057 612 3119 ut
629 3047 799 3119 exauditu
823 3048 903 3132 solo,
928 3071 1003 3120 cum
1029 3049 1172 3142 quadam
1190 3049 1297 3120 animi
1311 3047 1412 3140 mlie-

395 3161 513 3242 ctioue,
531 3163 707 3234 benevolus
723 3163 814 3256 prim
830 3163 1006 3246 excitarim,
1023 3187 1064 3234 ex
1081 3164 1153 3235 visu
1174 3159 1345 3258 primordii
1364 3161 1410 3252 (9)

398 3287 431 3346 ct
446 3275 674 3348 devotissimus
690 3288 722 3348 et
738 3277 872 3349 amicus

477 3739 508 3801 2.
534 3737 602 3806 Nec
628 3756 711 3816 reor,
737 3729 838 3808 amici
864 3757 985 3808 nomeu
1011 3755 1188 3816 amomum,
1216 3743 1255 3806 ut
1274 3731 1413 3804 nonnulli

400 3847 536 3918 forsitan
552 3849 765 3941 objectarent,
793 3861 921 3922 reatum
946 3849 1220 3945 praesumptionis
1246 3850 1410 3926 inum.

399 3981 500 4058 quum
513 3985 577 4033 nou
589 3965 1094 4062 minusdispurescounectentur
1110 3989 1210 4063 quam
1231 3989 1327 4062 pares
1339 3963 1411 4038 ani-
