2978 4984
501 467 573 536 tlt
775 483 819 535 nr
844 481 1045 534 uerrucam

394 589 576 684 propositio
592 613 673 661 vera
689 591 811 670 eat,setl
829 586 976 660 medinm
993 585 1200 659 variaturtet
1215 581 1391 676 arquitur

391 715 532 797 quatuor
548 701 707 786 terminis,
724 703 758 774 in
776 703 895 798 quibus
910 703 1018 774 torma
1034 699 1236 795 syllogistica
1259 719 1320 768 nnn
1339 697 1394 768 nal-

392 825 498 896 vatur,
516 827 552 887 ut
576 825 665 909 patet
689 837 730 888 ex
755 817 796 887 iis
821 839 905 910 quae
929 817 970 886 (le
995 813 1189 910 syllogismo
1214 809 1398 906 simpliciter.

391 929 480 1002 Nam
497 931 584 1002 aliutl
601 943 648 1002 est
664 933 761 1012 Deus
777 931 863 1025 quod
878 929 1053 1026 subjicitur
1068 929 1105 998 in
1122 926 1261 1023 majori3
1277 937 1307 996 et
1319 925 1396 996 alini

393 1043 536 1116 vicarius
552 1045 623 1126 Dei,
640 1045 729 1140 quod
745 1045 953 1140 praedicatur
969 1043 1004 1113 in
1023 1042 1155 1114 minori.
1173 1041 1261 1112 Etsi
1277 1039 1340 1135 quis
1353 1039 1396 1108 in·

391 1166 492 1228 staret
507 1159 547 1230 de
563 1157 681 1230 vicarii
696 1158 948 1253 aequivalentia,
958 1157 1083 1229 inutilis
1092 1167 1140 1227 est
1157 1153 1395 1248 instantiatqn'a

392 1271 501 1344 nullus
518 1273 695 1344 vicariatus
709 1273 778 1344 sive
795 1272 1198 1354 divinussivelnumanua,
1208 1268 1395 1364 aequivalere

392 1397 497 1480 potest
522 1387 696 1480 principali
722 1386 924 1458 auctoritati:
941 1385 1028 1480 quod
1055 1395 1146 1478 patet
1169 1383 1211 1454 de
1235 1381 1318 1462 levi;
1332 1401 1397 1452 nan

393 1500 533 1583 scimus,
558 1503 645 1596 quod
676 1507 837 1572 successor
861 1499 948 1572 Petri
982 1519 1050 1570 nnn
1074 1495 1262 1591 aequivalet
1284 1493 1399 1566 (Ιίιίιιι

395 1616 601 1698 auctoritati,
626 1617 741 1688 saltem
773 1616 808 1687 in
839 1615 1031 1710 operatione
1056 1625 1203 1686 naturae.
1229 1612 1300 1683 Non
1321 1611 1399 1682 enim

394 1740 500 1824 posset
515 1731 623 1804 faeere
638 1741 760 1803 terram
785 1732 958 1828 ascendere
982 1751 1119 1808 sursum,
1137 1751 1201 1798 nec
1226 1727 1325 1821 ignem
1345 1726 1397 1794 de-

394 1845 546 1918 scendere
570 1846 738 1928 deorsum,
763 1867 822 1939 per
845 1844 990 1917 officium
1014 1843 1079 1916 sihi
1104 1862 1319 1914 commun:
1340 1859 1395 1908 nec

397 1959 497 2030 etiam
524 1972 652 2054 possent
683 1959 797 2032 omnia
821 1959 885 2030 sibi
910 1958 1073 2030 committi
1098 1980 1121 2029 a
1145 1961 1238 2038 Deo,
1259 1954 1393 2049 mnam

401 2074 582 2166 potentiam
601 2075 732 2147 creandi
756 2086 790 2146 et
812 2073 967 2146 similiter
991 2072 1180 2168 baptizandi
1207 2071 1294 2144 nullo
1312 2067 1396 2140 moin

400 2187 488 2258 Deus
512 2187 716 2260 committere
742 2199 862 2281 posset,
888 2201 924 2258 ut
948 2187 1115 2260 audenter
1146 2187 1317 2282 probatum
1335 2183 1400 2256 lieet

400 2297 557 2392 Magister
581 2301 781 2376 contrarium
806 2300 926 2372 dixerit
951 2301 985 2371 in
1011 2311 1137 2398 quarto
1156 2300 1285 2374 Scimm
1307 2297 1400 2378 etim

400 2414 485 2508 quod
502 2415 645 2490 vicarius
661 2415 806 2490 hominis
831 2439 897 2486 non
923 2417 1109 2512 aequivalet
1133 2415 1176 2498 ei,
1201 2413 1401 2510 quantumin

400 2525 463 2596 hoc
480 2531 566 2622 quod
584 2529 728 2601 vicarius
743 2529 1003 2624 estzquianemn
1021 2529 1307 2624 potestdareqund
1321 2547 1399 2598 suun

401 2661 468 2710 non
486 2653 541 2712 est
558 2643 745 2716 Auctoritas
761 2643 963 2740 principalis,
975 2665 1042 2716 non
1057 2655 1105 2715 est
1122 2643 1292 2739 principis,
1300 2637 1398 2712 nisisi

404 2778 509 2827 usum:
525 2758 606 2852 quia
623 2759 731 2830 nullus
748 2759 899 2853 princeps
915 2759 1058 2852 seipsum
1084 2759 1287 2830 auctorizare
1309 2763 1401 2851 potes,

402 2871 547 2966 recipere
565 2887 675 2946 antem
693 2885 805 2967 potest,
816 2885 912 2968 atque
927 2873 1174 2946 dimitterersed
1191 2873 1296 2945 alium
1311 2893 1402 2944 mean

404 3007 470 3054 non
489 2998 602 3079 potest,
618 2989 697 3082 quia
714 2991 837 3060 creatio
853 2987 1012 3083 principis
1037 3013 1079 3062 ex
1102 2987 1253 3083 principe
1278 3011 1340 3058 non
1360 2987 1401 3056 le·

403 3100 530 3191 pendet
555 3103 651 3187 Quod
675 3103 703 3173 si
729 3102 775 3174 ita
800 3114 856 3182 est.
883 3103 1095 3176 manifestum
1119 3105 1289 3202 estquod
1314 3101 1402 3176 nulus

245 3227 251 3236 ·
405 3213 555 3308 princeps
581 3226 685 3308 potest
707 3217 771 3288 sibi
797 3217 990 3289 substituere
1015 3218 1178 3292 vicanum
1210 3219 1247 3290 in
1271 3217 1402 3290 omnibu

405 3329 683 3425 aequivalentem
699 3331 778 3427 quia
794 3331 950 3406 instantia
965 3333 1094 3408 nullam
1110 3331 1291 3407 effimcinm
1314 3329 1400 3404 ante

482 3673 566 3744 ltem
592 3687 758 3748 assumunt
783 3676 823 3748 de
847 3675 945 3748 litera
970 3678 1125 3774 ejusdem,
1142 3677 1223 3750 nllutl
1248 3667 1400 3750 curhiat

404 3783 555 3856 Petrnmz
572 3789 615 3860 Et
631 3793 840 3882 quaecamque
856 3793 1002 3882 liqooeris
1018 3813 1111 3884 snper
1127 3803 1256 3873 terram,
1271 3791 1327 3860 crit
1340 3787 1400 3876 lict-

408 3911 475 3968 tom
486 3913 518 3968 ct
534 3902 571 3970 in
587 3906 691 3977 coelis:
707 3919 736 3976 ct
751 3907 962 3998 quousque
977 3907 1106 3977 aalma&
1123 3929 1218 3999 super
1233 3893 1397 3980 unu-6¹⁴¹

404 4017 544 4090 mnam
557 4018 653 4094 ctiam
664 4022 699 4094 in
709 4021 909 4119 coctoquot
919 4019 1020 4096 ctiam
1037 4021 1194 4096 omnibus
1202 4017 1353 4118 apoetut
1363 4019 1398 4082 ἃ
