2890 4978
407 487 507 536 sinen
532 485 656 535 snmus
868 471 939 536 tot

35 603 116 672 totim
142 595 350 694 provinciam
376 592 411 664 hi
438 593 555 664 Dosscs'
580 589 772 663 affirmando
797 593 983 690 loquuntur,
1009 609 1042 671 ct

37 717 100 785 dcto
116 736 197 794 meo,
213 723 247 782 et
264 710 394 788 dmcdo
409 730 479 777 meo
499 707 894 801 proiemnt'lrl'endientes.
910 711 1042 784 Horum

35 829 144 922 sliquos
160 850 182 897 s
201 823 336 919 proprio
352 821 515 916 pectendo
537 821 706 896 divertisse
730 822 928 906 andivimus,
954 826 1042 897 Tho-

35 962 108 1010 msm
124 938 288 1020 videlicet,
305 947 338 1008 et
355 937 539 1030 Ugoliuum
557 937 746 1008 Bucciolsm
759 937 964 1013 Faventinus
981 943 1039 1014 Est

34 1053 161 1136 esdod,
178 1052 267 1124 sicut
283 1051 410 1122 dictum
426 1062 484 1134 est,
501 1051 583 1122 odeo
600 1051 779 1133 vocabulis,
789 1052 1040 1148 tacentibusque

35 1165 186 1249 hirsutum,
205 1177 239 1237 et
254 1165 432 1262 hispidum,
448 1165 535 1261 quod
553 1174 686 1258 propter
702 1164 752 1234 sui
775 1167 896 1242 rudem
917 1167 1040 1260 esperi-

35 1291 123 1363 tstem,
141 1281 320 1353 mulierem
336 1280 525 1376 loquentem
542 1304 607 1351 nou
625 1281 733 1352 soium
750 1280 965 1362 disterminet,
982 1283 1039 1354 sed

36 1398 210 1468 ssevimm
226 1395 379 1466 debitore
395 1395 484 1466 iacit
501 1399 573 1467 Hoc
598 1417 722 1478 omnes,
746 1394 804 1490 qui
829 1395 965 1487 naum
988 1397 1040 1467 di-

37 1523 102 1591 cmt,
118 1494 313 1593 Brixienscs,
332 1508 494 1592 videlicet,
511 1511 725 1594 veronenses,
735 1509 1039 1583 etVioentinosha·

37 1623 154 1704 istunc
172 1647 244 1696 non
259 1626 431 1727 Pednsnos
455 1625 595 1720 turpiter
618 1637 839 1722 syncopentes,
864 1627 979 1698 onmis
1003 1627 1039 1700 in

37 1751 71 1806 ts
84 1739 265 1834 perticipis,
282 1750 316 1812 et
330 1738 579 1812 denominativa
595 1741 629 1810 in
647 1753 705 1823 tos,
722 1752 760 1812 ut
774 1744 927 1824 recredet
937 1745 1037 1824 dontd

37 1873 92 1922 snm
106 1854 230 1949 quibus
246 1865 280 1926 et
289 1854 486 1926 ¹'l'rivisonos
501 1855 702 1937 adducimus,
717 1857 776 1952 qni
792 1879 886 1928 more
908 1857 1035 1930 Brixis·-

38 1987 139 2050 nornm,
155 1978 194 2040 ct
210 1968 429 2040 finitimorum
445 1991 580 2042 suomm
596 1980 856 2042 oconsonsntem
867 1973 1037 2066 persepo-

37 2086 156 2172 wtsndo
174 2084 357 2178 proterunt,
372 2091 453 2178 puts
478 2082 550 2178 Nos
568 2105 628 2178 pro
653 2085 751 2167 Nove,
782 2084 840 2179 Vis
856 2107 916 2179 pro
947 2085 1036 2166 Vico,

36 2199 97 2288 qnod
110 2199 247 2293 quidem
266 2199 536 2270 barberimimum
555 2201 781 2293 reprobemus
807 2200 925 2274 Veneti
950 2223 1035 2296 quo-

36 2331 79 2402 qne
92 2335 145 2384 nec
162 2335 234 2384 seso
260 2312 447 2407 investigati
474 2313 631 2408 Vulgari·
646 2314 771 2386 honore
787 2315 975 2408 dignenturz
1000 2325 1034 2388 et

36 2427 124 2519 equis
138 2449 258 2500 eorum
275 2451 386 2499 erroro
403 2429 566 2501 confessus
582 2429 745 2504 venissest
762 2430 797 2502 in
823 2429 898 2515 δοες
923 2451 1031 2504 κυου-

36 2535 103 2610 teu
114 2541 141 2613 si
160 2564 312 2639 unquam
326 2541 419 2612 dixit

69 2653 685 2748 PerlepioqedsDiotcnonccoros:

35 2763 188 2866 intsrqms
204 2794 318 2843 omncs
341 2795 446 2844 unum
471 2773 617 2847 vidimus
641 2775 800 2846 nitentem
824 2774 986 2845 divertere
1011 2797 1031 2846 s

35 2893 166 2967 mutuno,
183 2895 217 2958 et
233 2887 275 2957 sd
292 2885 426 2958 Curieio
441 2887 590 2980 Vulgare
607 2886 784 2968 intendere,
808 2883 961 2958 videlicet
988 2881 1031 2956 tt-

35 2995 246 3072 deirmdinmn
262 3001 466 3074 Padusnum'.
482 3003 594 3087 Qusre
610 3001 764 3072 omnibus
780 2999 1032 3093 pmssentiscn·
1070 2989 1073 2998 ’

35 3109 103 3196 nudi
119 3114 158 3186 sd
172 3112 339 3209 judicium
355 3113 623 3208 comparentibus
640 3113 853 3200 arbitremur,
875 3133 937 3184 nec
961 3111 1032 3186 Βο-Ι

34 3225 222 3308 mutorum,
248 3250 308 3298 neo
332 3251 429 3299 enum
455 3227 655 3322 oppositum,
680 3239 717 3299 ut
741 3228 866 3300 dictum
892 3238 949 3309 est,
968 3250 1030 3300 nec

35 3331 224 3414 t'uettmum
243 3364 311 3414 eme
327 3339 419 3425 illut
434 3343 523 3438 qnod
540 3342 727 3440 qsmerimus
743 3344 882 3436 vulgare
893 3343 1028 3415 iliustre.

398 3567 543 3642 CAPUT
560 3573 635 3644 XV.

40 3757 117 3816 tren
130 3767 278 3822 usensis
297 3767 531 3820 nncnssmrmrs
548 3769 592 3822 on
610 3769 777 3822 mmnsrn
795 3769 999 3822 sesomires.

67 3918 140 3996 illud
157 3938 268 3997 autem
286 3925 374 4020 quod
391 3925 431 3996 de
448 3923 563 3996 italice
579 3925 663 3999 silva
679 3925 796 3997 residet
822 3927 1030 4021 perconctati-

33 4049 161 4108 tmemnr
177 4038 392 4134 expedientes
401 4033 551 4113 Dicimus
559 4061 640 4134 ergo
655 4039 740 4137 qnod
759 4043 843 4112 torte
860 4039 1024 4114 normale
