2890 4978
403 455 502 506 nuru
526 453 687 506 sneunnns
888 439 960 508 483

53 563 171 648 debent,
196 561 348 647 alliciunt,
372 564 459 660 quod
485 565 631 636 Bnllntae
656 585 722 634 non
749 563 872 636 faciunt
897 567 1063 663 (indigent

54 681 133 751 enim
150 680 363 774 plausoribus,
381 681 421 750 ad
439 701 519 774 quos
536 679 643 751 editae
660 681 767 772 suntlz
784 701 863 772 ergo
888 682 1062 757 cantiones
1178 693 1184 706 ’

55 795 220 865 nobiliores
238 795 371 866 Ballatis
388 819 455 865 esse
471 795 616 890 sequitur
632 795 845 876 extimanda,
862 807 894 868 et
911 823 969 892 per
985 823 1063 871 oon·
1111 844 1115 853 ·

55 929 178 1002 seqrrm
194 909 435 981 nobilissimum
454 909 596 982 aliorum
612 933 680 981 esse
690 912 824 982 modum
834 911 977 983 illarumt
988 939 1064 986 cum

56 1043 141 1094 uerno
157 1025 292 1106 dubitet,
308 1026 389 1120 quin
407 1027 552 1098 Ballatae
570 1026 701 1098 sonitus
717 1026 889 1099 nobilitate
912 1031 1004 1099 modi
1029 1055 1066 1100 e·

55 1141 191 1210 xoellaut
217 1143 388 1212 Praeterea
414 1141 472 1212 illa
497 1142 651 1212 videntur
677 1141 842 1213 nobiliora
867 1167 952 1228 esse,
977 1171 1063 1244 quae
1108 1131 1110 1140 ¹

56 1255 202 1326 uenditori
219 1277 278 1326 sno
295 1255 402 1348 magis
417 1254 552 1326 honoris
567 1254 714 1328 atl'erant:
730 1255 785 1326 sed
802 1255 977 1330 Cantioues
994 1283 1067 1330 ma-

56 1369 97 1462 gis
110 1370 249 1442 affemnt
266 1369 496 1454 munitoribus,
507 1393 608 1466 qnam
619 1371 774 1443 bullatae:
791 1394 870 1464 ergo
887 1371 1066 1445 nobiliores

58 1499 128 1568 mut,
143 1499 175 1558 et
191 1513 251 1582 per
266 1509 463 1582 consequens
479 1488 596 1558 modus
613 1511 727 1558 eamm
745 1488 966 1558 nobilissimus
983 1490 1066 1558 alio-

60 1623 129 1670 mnn
143 1604 315 1673 Praeterea
331 1593 416 1695 quae
433 1599 638 1672 nobilissima
655 1610 739 1681 sunt,
750 1601 918 1672 eamssime
936 1625 1066 1674 consor·-
1205 1653 1208 1660 .

60 1726 174 1797 rantum
190 1717 246 1788 sed
265 1715 406 1788 interea
423 1739 507 1809 quae
525 1725 654 1786 eanmta
671 1726 756 1796 sunt,
772 1715 948 1787 Contiones
967 1717 1067 1788 earis-

60 1829 129 1900 sime
152 1813 446 1910 mammertinus
471 1841 596 1900 constat
621 1829 830 1900 visitantibus
854 1831 966 1902 libros:
986 1857 1066 1926 ergo

60 1941 218 2014 Cantioue's
241 1943 465 2014 nobilissimae
490 1953 572 2024 suut,
589 1952 620 2012 et
646 1966 705 2036 per
730 1965 927 2038 consequens
955 1949 1066 2017 modus

61 2079 158 2128 sarum
183 2044 407 2129 nobilissimus
431 2067 487 2128 est
504 2057 619 2128 Adbuc
644 2057 680 2124 in
706 2057 887 2126 artifiriatis
914 2058 994 2129 illud
1020 2071 1068 2130 est

62 2171 296 2252 mbilissimnm‚
312 2172 398 2268 qrrod
415 2183 519 2242 totam
537 2170 783 2266 comprehendit
801 2183 1000 2244 artemzrum
1012 2197 1065 2244 er·

62 2308 161 2378 goes,
185 2313 269 2382 quae
295 2299 476 2365 cantantur,
503 2286 676 2356 artificiale
701 2286 850 2370 existant,
868 2298 900 2357 et
926 2288 960 2356 in
987 2287 1067 2361 solis

62 2399 258 2473 Cautiouibns
274 2425 327 2473 ars
344 2411 412 2472 tota
429 2399 731 2494 eomprehendam,
741 2391 918 2470 cantiones
929 2401 1066 2470 nobilis·

62 2515 147 2588 simae
161 2528 247 2597 sunt,
264 2527 296 2587 et
313 2518 360 2587 sie
386 2519 501 2586 merlus
524 2539 640 2586 earum
667 2513 890 2584 nobilissimus
915 2516 1068 2586 eliorum.

63 2631 139 2714 nuos
164 2642 276 2702 autem
300 2641 370 2702 tota
396 2609 690 2722 comprehendatur
715 2629 749 2696 in
775 2629 992 2702 cantionibus
1017 2655 1070 2702 ars

65 2747 196 2818 aaroni
217 2737 399 2839 ponticelo
416 2745 478 2814 boe
496 2744 904 2838 palatur‚quorl‚quirquid
922 2745 1001 2814 artis
1017 2770 1069 2816 re·

65 2857 1072 2954 nnnrnnipsisaatsednonconvertitur.}10csignumautem

64 2969 173 3060 borum,
189 3002 275 3072 quae
290 2977 439 3054 dicimus.
457 2982 646 3067 pmmptum
664 2971 699 3043 in
722 2983 895 3064 conspectu
923 2973 1070 3045 babetur.

65 3109 126 3160 nam
140 3091 295 3187 quioquid
313 3093 352 3162 tle
370 3088 594 3161 cacuminibus
616 3085 789 3158 illustrium
817 3087 964 3180 capitum
993 3111 1070 3181 poe-

65 3205 183 3276 tantium
203 3203 359 3298 prolluxit
374 3205 414 3276 nd
431 3202 531 3284 labia,
550 3201 584 3271 in
607 3201 684 3272 solis
700 3201 915 3272 Cautionibus
942 3203 1070 3272 invbni-
1154 3235 1158 3242 ·

67 3323 232 3405 tanuare
257 3320 298 3391 ad
326 3317 526 3412 propositum
555 3327 651 3409 patet,
669 3317 755 3410 qnod
782 3341 830 3396 eo,
854 3339 940 3410 quae
965 3317 1068 3408 «ligna

67 3445 126 3502 unt
140 3435 277 3528 Vulgari
296 3434 464 3516 altissimo,
482 3431 516 3502 in
533 3429 750 3503 Cautionibus
767 3429 939 3501 tractanda
956 3440 1040 3500 suut
