2978 4984
506 433 579 508 ’638
794 445 839 540 nn
864 447 1066 503 monerem

244 619 247 632 .
404 561 539 635 madi.
555 555 677 642 Primo,
693 555 773 656 qnia
791 581 867 629 cnm
883 555 1071 652 hujusmodi
1083 557 1247 653 regimina
1262 557 1332 630 sint
1348 551 1428 630 eori-

404 677 514 750 dentia
529 677 691 771 quaedam
703 667 803 770 ipsios
813 673 968 754 hominis,
979 675 1144 748 videretur
1153 677 1330 748 nmmos
1339 675 1428 745 inimo

406 792 520 864 ordine
545 813 705 886 perverso,
732 787 913 861 accidentia
936 787 1060 860 soiiioet
1084 791 1177 883 prins
1203 791 1423 884 producendo.

405 931 504 1003 qnam
522 908 692 1002 proprium
717 906 918 1001 subjectum:
934 905 1021 998 wod
1048 905 1226 977 absurdum
1252 915 1303 976 est
1327 903 1425 974 dione

404 1022 446 1092 de
463 1025 542 1093 neo.
561 1024 654 1118 Nn.
665 1020 723 1092 ilia
739 1015 804 1089 dno
819 1017 1000 1094 luminaria
1010 1019 1169 1112 producta
1178 1028 1255 1088 snm
1272 1013 1327 1087 die
1335 1039 1424 1112 qnar-

405 1147 453 1218 to,
470 1145 502 1206 et
519 1134 621 1205 homo
637 1133 690 1204 die
706 1143 797 1205 sexto
813 1142 851 1204 nt
867 1143 956 1227 patet
973 1132 1008 1204 in
1025 1135 1152 1213 Literna
1165 1143 1420 1225 praetereamus

387 1307 390 1314 .
406 1250 469 1322 ista
484 1250 647 1344 regimina
664 1251 730 1320 sint
745 1247 919 1320 hominnm
935 1247 1095 1318 direotira
1112 1247 1145 1316 in
1164 1248 1328 1342 qaroedarn
1344 1247 1420 1326 aaa

406 1376 443 1437 ut
460 1365 548 1436 inira
565 1365 700 1460 patebit,
717 1365 746 1436 si
762 1365 864 1434 homo
880 1363 1017 1434 stetisset
1042 1355 1078 1432 in
1102 1373 1188 1436 statar
1215 1363 1419 1438 innoeentiae

406 1479 442 1554 in
458 1502 523 1576 qno
540 1505 560 1553 a
577 1483 649 1554 Deo
666 1481 771 1550 taetus
787 1489 844 1562 est
862 1478 983 1550 talibus
999 1478 1166 1550 directivis
1183 1501 1252 1549 non
1277 1478 1421 1571 indignis·

227 1648 232 1656 -
293 1611 296 1619 ‘
406 1604 463 1666 set.
480 1599 563 1668 Sunt
578 1617 658 1686 ergo
675 1592 863 1688 hujusmodi
881 1593 1045 1688 regimine
1062 1590 1424 1664 remediaaontniofir·

407 1707 557 1778 mitatem
575 1706 709 1802 peceati.
726 1710 838 1792 Quum
863 1729 942 1802 ergo
966 1729 1033 1778 non
1059 1707 1168 1778 solnm
1194 1705 1231 1776 in
1246 1707 1424 1800 diemrrrto

409 1831 560 1915 peccator
584 1821 684 1892 homo
710 1843 776 1890 non
802 1830 882 1901 arnt,
907 1823 962 1893 sed
987 1823 1089 1893 etiam
1113 1819 1300 1916 simpliciter
1321 1817 1421 1888 horno

409 1957 477 2006 non
502 1946 592 2016 erat,
619 1936 797 2028 producere
820 1934 967 2006 remedia
992 1945 1118 2006 certam
1143 1946 1193 2008 est
1216 1935 1307 2006 imme
1335 1931 1424 2002 otio·

407 2071 497 2131 snm:
513 2051 601 2144 qnod
617 2059 667 2118 est
680 2057 795 2120 oootra
818 2047 968 2119 divinam
994 2049 1199 2120 bomitrtem.
1217 2047 1337 2120 St'nitars
1358 2055 1421 2116 ata-

408 2163 481 2236 nim
507 2171 590 2236 esset
614 2161 770 2243 medicus,
795 2161 853 2255 qni
870 2172 947 2233 anta
963 2161 1171 2234 nativitatem
1196 2159 1351 2240 hominis,
1367 2181 1419 2250 pro

411 2285 611 2370 apostemate
628 2277 747 2357 futuro,
763 2275 815 2346 iili
830 2275 1045 2368 emplastrum
1062 2277 1245 2347 eomoerea
1272 2279 1341 2348 Non
1365 2272 1419 2364 igi·

411 2403 466 2464 tnr
479 2391 653 2464 dioendnm
670 2389 829 2484 estquod
845 2399 963 2484 quarto
979 2389 1033 2460 die
1049 2393 1138 2462 Dens
1152 2389 1240 2462 haee
1259 2389 1321 2462 dno
1343 2387 1418 2480 regi-

410 2507 504 2578 mina
519 2504 648 2576 iecerit:
661 2511 696 2576 et
712 2525 772 2596 per
787 2525 994 2598 consequere,
1005 2504 1143 2574 intentio
1155 2503 1265 2598 Moysi
1281 2527 1341 2574 me
1356 2519 1413 2569 nor
1465 2553 1466 2590 a

412 2619 520 2716 potnit
537 2617 604 2702 itta,
623 2635 724 2711 qrram
740 2616 879 2709 fingunt
895 2620 1003 2688 Potest
1019 2617 1121 2689 etiam
1138 2617 1202 2687 hoe
1227 2615 1415 2688 mendacium

411 2733 581 2813 tolerando
598 2750 657 2824 per
672 2729 916 2802 distinctionem
934 2730 1078 2803 dissolri.
1095 2730 1210 2803 Mitior
1226 2753 1358 2824 nanqna
1372 2735 1414 2796 et

412 2849 449 2920 in
474 2846 699 2920 adversarium
724 2845 845 2918 solutio
869 2846 1075 2928 distinctiva;
1091 2869 1159 2917 non
1184 2849 1277 2919 enirn
1298 2843 1418 2916 omnino

412 2959 577 3034 mentiens
593 2981 661 3032 esse
685 2959 829 3041 videtur,
845 2959 930 3030 siout
954 2960 1186 3054 interemptiva
1211 2961 1307 3033 ilium
1328 2955 1415 3030 rideri

414 3075 502 3146 indit
527 3073 611 3146 Dino
637 3095 736 3168 ergo,
761 3075 848 3168 qaod
873 3075 950 3146 lieet
974 3077 1068 3146 Luna
1092 3097 1160 3146 non
1183 3073 1414 3148 habentinam

413 3188 628 3268 abundanter,
645 3186 709 3258 nisi
727 3195 764 3257 nt
779 3209 801 3258 a
817 3175 892 3260 Sole
909 3187 1043 3284 recipitz
1061 3211 1128 3258 non
1143 3201 1279 3284 propter
1301 3191 1356 3260 soe
1375 3207 1417 3254 re·

413 3302 534 3398 quitur,
551 3302 638 3400 qnod
655 3302 726 3396 ipsa
744 3305 835 3374 Luna
851 3302 894 3374 sit
911 3327 931 3374 a
949 3303 1033 3374 Sole.
1051 3301 1148 3375 Unde
1163 3297 1413 3396 sciendumquat

413 3418 502 3492 alind
529 3427 577 3490 est
599 3439 668 3488 ease
694 3416 795 3510 ipsine
820 3420 942 3498 Lunae.
959 3417 1048 3488 alind
1073 3418 1178 3490 virtns
1194 3419 1320 3512 simet
1341 3409 1413 3484 alind

411 3533 555 3628 operari.
572 3535 739 3618 mentum
755 3540 803 3604 est
819 3532 860 3604 ad
878 3553 955 3613 esse,
973 3531 1065 3602 nullo
1083 3533 1182 3604 modo
1200 3537 1290 3605 Inna
1313 3531 1413 3622 depen-

413 3646 469 3718 det
484 3670 505 3716 a
523 3647 608 3727 Solo,
625 3668 686 3716 neo
702 3645 802 3716 etiam
819 3655 979 3740 qnantum
997 3647 1039 3717 ad
1056 3645 1304 3728 virtutemnon
1326 3663 1413 3738 qnan-

413 3765 486 3830 tnm
503 3759 544 3829 ad
561 3759 787 3852 operationem
801 3759 1011 3853 simpliciter:
1028 3758 1108 3856 qnia
1125 3769 1235 3831 motns
1250 3760 1315 3854 ejns
1336 3765 1375 3825 est
1393 3775 1411 3820 a

414 3881 542 3942 mowro
558 3873 722 3968 primoet
738 3872 909 3946 influentia
925 3884 985 3946 sot
1000 3882 1047 3944 eet
1063 3897 1084 3946 a
1101 3873 1244 3968 propriis
1251 3865 1408 3945 aientis

261 3995 269 4006 ·
415 3985 525 4058 Habet
542 3985 632 4062 enim
649 3988 795 4086 elianam
811 3989 920 4064 lnoam
937 3987 1132 4074 arentin
1149 3989 1220 4087 ejus
1234 3983 1410 4082 ertipdffl·
