2890 4978
495 441 567 510 ist
710 459 753 510 nn
778 459 926 510 vuscani
952 459 1096 520 unooom

783 681 928 757 CAPUT
954 683 1012 755 IV.

419 929 463 983 llll
480 929 573 982 nono
589 931 783 985 ΟΑΝἨΟΜῘΙ
799 933 844 984 lta
862 931 905 982 on
922 931 1230 993 amusement
1247 929 1371 984 Pom!

820 1045 990 1100 somnum.

466 1241 755 1355 Quandoquidem
781 1255 1023 1352 adpotia'rimus
1047 1255 1252 1338 extdcantes,
1268 1255 1320 1352 qui
1341 1255 1392 1324 sint

392 1369 510 1442 Aulico
535 1369 628 1467 digni
655 1370 806 1467 Vulgari,
823 1385 856 1445 et
881 1395 974 1468 qaae,
993 1395 1053 1444 nec
1079 1391 1144 1442 non
1170 1373 1294 1452 modus,
1311 1393 1391 1465 quen

393 1493 485 1554 tanto
501 1483 678 1580 dignamur
691 1486 825 1568 honore,
841 1499 879 1558 ut
895 1489 981 1558 solus
998 1486 1157 1558 altissimo
1174 1485 1312 1580 Vulgari
1328 1507 1390 1554 oon-

393 1598 515 1677 veniae
533 1597 708 1696 antecpram
726 1599 905 1696 migremus
921 1603 962 1673 ad
973 1601 1196 1684 alia,modum
1205 1600 1390 1682 Contionum,

394 1737 477 1808 quae
495 1737 570 1787 casn
595 1715 711 1812 magis,
728 1739 828 1813 quam
855 1727 924 1789 arte
949 1715 1046 1787 multi
1073 1737 1230 1809 usurpare
1254 1716 1389 1796 ridentur,

354 1813 357 1820 ’
396 1824 612 1902 enucleemus
622 1841 653 1902 et
662 1832 749 1928 quod
759 1833 822 1902 huc
839 1853 940 1926 usque
959 1829 1132 1901 casualiter
1147 1839 1194 1900 est
1205 1843 1389 1924 assumptum.

395 1937 484 2012 illins
509 1942 588 2014 artis
612 1945 824 2038 ergasterium
850 1967 1038 2026 reseremus,
1056 1945 1189 2014 modum
1216 1943 1388 2016 Ballatarum

396 2065 429 2124 et
454 2057 628 2128 sonituum
653 2061 847 2141 omittentes,
864 2059 942 2153 quia
968 2053 1062 2128 illum
1089 2055 1253 2128 elucidare
1278 2055 1388 2126 intendi·

400 2193 472 2242 mus
489 2173 524 2241 in
541 2173 598 2246 Ν.
615 2174 712 2270 hujus
729 2173 932 2268 operiecum
949 2175 990 2244 de
1006 2171 1163 2244 mediocri
1175 2173 1313 2266 Vulgari
1329 2183 1390 2240 trac

397 2284 549 2358 tabimus.
566 2290 752 2360 Revisentes
768 2309 848 2382 ergo
864 2311 913 2370 ea,
930 2309 1015 2384 quae
1031 2287 1119 2358 dicta
1143 2295 1226 2366 sunt,
1245 2286 1391 2357 reoolinu

395 2421 456 2470 nos
472 2419 536 2483 eos,
552 2403 609 2496 qui
628 2401 809 2496 vulgariter
824 2399 1057 2484 sensificantur,
1076 2401 1266 2496 plerumque
1286 2419 1392 2470 vorasse

261 2592 263 2607 ¹
398 2517 521 2599 Poetae,
538 2515 624 2611 quod
641 2515 874 2611 proculdubio
891 2514 1131 2588 rationabiliter
1150 2523 1294 2585 eructare
1317 2533 1393 2605 prae·

398 2628 605 2726 sumpsimus,
622 2632 700 2728 quia
727 2608 856 2726 prorsus
880 2636 1000 2705 Poetae
1024 2627 1155 2713 suntsi
1182 2626 1301 2724 poesim
1323 2633 1393 2696 recte

398 2747 649 2829 consideremusz
665 2771 749 2842 quae
766 2747 849 2816 nihil
867 2746 954 2816 alind
974 2756 1030 2826 est,
1048 2769 1148 2841 marn
1165 2744 1257 2816 fictio
1280 2737 1392 2814 rethori-

397 2887 446 2946 ca,
464 2863 499 2934 ln
516 2865 704 2960 musicaque
723 2861 836 2956 posita.
854 2861 1016 2932 Dill'ernnt
1033 2873 1144 2932 tamen
1162 2886 1182 2932 a
1201 2859 1391 2954 magnisloe·

397 2979 521 3060 tishoc
539 2993 586 3052 est
603 2979 816 3074 regularibus,
826 2977 905 3072 quia
922 2977 975 3048 isti
993 2999 1114 3070 magno
1130 2985 1331 3056 sermoneet
1343 2981 1390 3040 arte

248 3179 256 3198 ,
399 3092 543 3185 regulari
562 3095 683 3188 poetati
701 3091 849 3165 suncini
868 3113 947 3164 vero
964 3103 1096 3172 casum
1112 3091 1235 3162 dictum
1254 3083 1390 3162 estldrir·

398 3226 439 3273 co
456 3205 584 3286 accidit,
599 3217 636 3278 ut
660 3217 819 3302 quantum
845 3206 921 3276 istos
946 3205 1127 3299 proximius
1151 3203 1389 3284 imitemurtan·

399 3329 469 3390 tum
487 3321 604 3392 rectius
621 3333 799 3415 poetemur.
809 3323 905 3393 Unde
916 3343 973 3391 nos
983 3321 1150 3391 doetrinae
1160 3319 1284 3414 aliquid
1302 3331 1389 3409 operat

399 3445 528 3507 noemae
545 3433 778 3530 impendentes,
788 3433 952 3508 doctrinas
969 3457 1083 3506 eorum
1093 3434 1243 3505 Poeticae
1259 3419 1388 3503 eamdan'

401 3563 538 3643 oportet
555 3555 641 3623 Ante
658 3551 771 3622 omnia
788 3571 867 3644 ergo
883 3549 1032 3628 dicimus,
1042 3571 1308 3642 unumquemque
1321 3539 1389 3612 dele·

402 3687 439 3734 re
457 3669 613 3738 materiae
631 3669 756 3760 pondus
772 3665 914 3759 propriis
929 3664 1074 3734 humeris
1099 3663 1250 3756 excipere
1275 3651 1387 3754 aequale

404 3801 446 3850 ne
463 3780 547 3852 [orte
562 3781 775 3853 humerorum
794 3781 899 3850 nimio
916 3789 1087 3872 gravatam
1106 3776 1261 3848 virtutem
1288 3775 1319 3844 in
1339 3785 1388 3836 ot·

403 3917 483 3964 num
502 3895 658 3989 cespitare
676 3917 802 3967 necesse
817 3893 869 3964 sit
895 3895 968 3964 lloc
993 3891 1154 3986 estquod
1181 3889 1331 3984 magister
1348 3895 1388 3946 nt·
1429 3895 1430 3900 ’

402 4021 468 4082 ster
485 4009 640 4081 Horatius
658 4009 827 4102 praecipit,
844 4029 920 4078 cum
938 4005 971 4076 in
990 4005 1154 4102 principio
1170 4005 1322 4082 Poeticae,
