2890 4978
512 410 588 488 'tlt
725 429 770 488 nr
793 433 943 488 rotetur
968 431 1113 498 moouro

410 543 476 618 snb
491 525 858 640 pemmionegigiotis
873 551 944 612 arte
969 563 1028 614 sun
1055 563 1123 612 noo
1148 537 1255 614 solun
1278 561 1404 638 moene

416 661 589 742 Naturam,
604 657 661 730 aed
685 667 719 730 et
743 656 849 750 ipnrm
875 657 1101 738 Naturaotem
1125 655 1184 750 qui
1209 659 1293 730 Deru
1314 671 1402 738 ostret

413 772 525 867 eoepit
542 772 713 846 eodilionro
730 769 900 844 sarrinia
919 775 1077 852 Senum,
1101 794 1188 866 quae
1212 781 1318 865 postea
1338 774 1401 842 dior

415 897 466 958 eet
481 885 593 968 Bnbel,
610 885 690 958 haee
707 895 754 958 eet
771 884 931 968 oonsusio,
948 907 1007 979 per
1024 907 1127 981 quam
1143 885 1270 958 caelum
1283 886 1402 980 sperabo

416 1001 598 1072 ascendere:
614 999 785 1072 intendens
801 999 920 1072 inscius
936 1022 1003 1070 uon
1022 1023 1175 1094 aequare,
1191 999 1245 1070 sed
1262 1021 1344 1070 suurn
1365 1023 1403 1070 ss

415 1135 532 1209 perere
555 1117 736 1187 Fautorem
760 1117 791 1186 0
816 1114 886 1186 sine
912 1135 1064 1188 menurra
1089 1112 1265 1184 clementia
1288 1114 1400 1186 eoelestis

416 1227 560 1322 imperii,
576 1227 648 1324 quis
664 1241 757 1322 pater
772 1237 820 1298 tot
835 1228 1006 1300 sustineret
1023 1227 1162 1300 insultus
1179 1249 1201 1298 n
1217 1226 1303 1298 tilio?
1316 1227 1366 1300 Sed
1376 1251 1401 1298 e·

413 1361 566 1436 turgens,
582 1365 650 1414 oon
664 1343 774 1416 hostili
792 1344 923 1424 sontica,
944 1343 1001 1416 aed
1027 1353 1175 1437 paterna,
1201 1355 1234 1416 et
1256 1342 1328 1416 elias
1347 1366 1399 1412 ur·

326 1520 333 1532 ,
417 1454 551 1528 beribrn
567 1468 701 1538 anneta,
718 1457 932 1529 rebellantem
949 1457 1055 1530 lilium
1073 1455 1132 1552 pia
1142 1458 1399 1536 oorreotiooeneo

419 1591 485 1642 non
503 1571 711 1644 memorabili
730 1571 912 1667 adigerit
929 1572 963 1646 Si
981 1570 1116 1668 quidem
1140 1595 1223 1666 pene
1246 1581 1338 1642 toturn
1357 1569 1399 1640 lr-

419 1707 556 1758 manum
574 1709 676 1780 genus
693 1688 734 1758 ad
750 1709 831 1780 opus
848 1685 1030 1782 iniquitatis
1046 1685 1182 1767 ooleret3
1199 1709 1270 1780 pars
1292 1685 1398 1778 impera-

419 1799 510 1882 bant,
534 1823 611 1895 pers
634 1801 948 1884 missensem,
973 1823 1050 1895 pers
1075 1823 1189 1874 muros
1213 1801 1398 1874 munnam.

418 1935 496 2008 pars
512 1914 687 2009 amysibns.
704 1939 778 2010 pars
794 1915 895 1988 turilis
917 1915 1090 1998 liniebant,
1117 1937 1193 2010 pars
1215 1914 1342 1986 scindere
1359 1931 1397 1980 re

417 2051 486 2122 pes,
503 2051 579 2122 pars
595 2029 690 2112 mari,
708 2053 784 2124 pars
807 2041 914 2104 terrae
939 2029 1155 2104 intendebant
1179 2027 1299 2112 vehere,
1321 2033 1397 2122 pede

416 2165 498 2238 sque
514 2142 662 2216 diversae
677 2143 813 2218 diversis
839 2143 913 2216 eliis
936 2144 1091 2239 oporibus
1117 2143 1326 2238 inddgebant
1345 2157 1397 2206 ⁰¹¹²

420 2256 556 2330 coelitus
578 2269 671 2328 teota
696 2258 885 2330 ooolusione
910 2259 1051 2353 percussi
1077 2269 1163 2341 sunt,
1189 2268 1222 2329 ut
1244 2254 1295 2352 qni
1316 2268 1398 2322 omno

418 2393 488 2444 una
505 2373 682 2468 eodemque
697 2373 830 2468 loquele
846 2373 1074 2446 deserviebant
1089 2375 1132 2448 ad
1159 2393 1246 2468 opus,
1269 2370 1306 2444 ab
1326 2385 1398 2459 opere

420 2486 534 2562 multis
549 2487 759 2560 diversificati
775 2489 913 2584 loquelis
934 2488 1128 2574 desinerent,
1153 2501 1186 2562 et
1210 2476 1399 2580 oummmod

422 2602 512 2674 idem
538 2591 772 2676 oomrneroium
797 2604 1026 2676 ooovenireot.
1051 2607 1138 2678 Solis
1163 2603 1275 2678 etenim
1294 2599 1321 2668 it
1348 2612 1400 2664 ⁰¹¹⁰

419 2715 692 2790 eonvenieotibus
707 2727 783 2790 aotn
799 2719 913 2790 eodem
930 2721 1059 2816 lourela
1076 2720 1242 2802 remansit,
1257 2723 1320 2813 puta
1340 2729 1399 2781 mn·

422 2830 484 2904 rtis
502 2830 770 2904 arebiteotoribne
783 2855 863 2915 uua,
886 2835 1010 2904 eoncfis
1033 2857 1112 2906 sexa
1138 2830 1327 2908 volventibus
1345 2843 1399 2896 oon

422 2944 547 3019 coortis
564 2968 603 3016 ea
621 2945 812 3038 parentibus
826 2969 903 3029 une,
920 2958 953 3019 et
967 2948 1016 3018 eir
1031 2949 1073 3020 de
1088 2935 1399 3044 singulisoperantilt!

424 3059 552 3131 nroiditt
577 3069 734 3158 quotquot
760 3071 870 3132 eutem
895 3060 1043 3132 exercitii
1071 3062 1242 3134 varietas
1263 3048 1398 3126 tendebant

421 3174 467 3244 ad
490 3195 580 3267 opus,
604 3183 700 3248 tottot
726 3174 936 3249 idiomatibus
960 3185 1038 3248 trruo
1061 3199 1166 3271 genus
1189 3177 1345 3248 humanum
1363 3157 1398 3228 di·

419 3286 594 3381 sinogitur.
612 3291 655 3360 Et
671 3299 795 3386 quanto
812 3289 1021 3362 excellentium
1045 3292 1245 3370 exeroobaot,
1267 3293 1342 3356 tanto
1360 3295 1397 3342 ¹*

422 3402 496 3474 diue
518 3423 606 3474 nnnc
630 3415 663 3476 et
687 3403 861 3476 barbariem
883 3405 1070 3500 loquuntur,
1094 3407 1212 3502 quibus
1234 3411 1327 3475 autea
1344 3409 1397 3462 Μ’

423 3529 514 3590 otum
539 3518 664 3592 idioma
688 3513 862 3604 remansit,
887 3543 948 3594 neo
974 3522 1125 3606 ederant,
1159 3544 1218 3594 neo
1248 3507 1395 3590 exeuititss

427 3633 718 3716 oommeudabant‚
742 3633 797 3706 sed
823 3635 969 3729 graviter
992 3637 1201 3721 detestantes,
1231 3625 1395 3704 stolidittltm

424 3747 630 3836 operantium
647 3748 846 3820 deridebant
863 3749 926 3822 Sed
942 3749 1024 3822 beee
1039 3750 1180 3826 minime
1195 3769 1265 3845 pars
1278 3743 1395 3840 qum

425 3859 467 3928 ad
486 3881 658 3932 numerum
677 3862 738 3936 luit
753 3862 935 3936 desemine
949 3867 1036 3948 Sem.
1054 3866 1135 3940 sieut
1151 3851 1342 3959 oonjirioqoi
1354 3841 1394 3914 iti

420 3972 539 4044 tertius
556 3973 642 4048 filius
656 3975 737 4048 Noe:
752 3978 793 4049 de
805 4001 872 4072 que
886 3977 1020 4073 quidem
1030 3989 1119 4052 ortus
1135 3989 1181 4054 est
1191 3971 1311 4073 populos
1318 3951 1396 4036 buti
