2914 4982
500 428 572 494 566
772 439 816 488 na
842 437 1041 490 uorancnm

389 552 521 648 patitur,
537 548 591 622 aad
608 556 644 618 ut
659 545 707 618 soi
725 543 876 624 aestivus,
893 543 952 638 qui
967 543 1110 638 majesta
1124 543 1255 618 nebulis
1271 549 1398 618 matati-

392 667 453 750 nie,
469 665 577 736 oriens
601 661 782 733 luculenter
806 656 952 741 irradiat,
971 657 1133 731 dammone
1148 661 1282 744 omissa,
1297 661 1395 732 innam

387 775 597 850 comestionis
612 773 777 846 effirndere
793 772 928 852 mavult,
945 773 986 842 ad
1003 772 1277 866 disrumpendum
1294 776 1396 845 vinca·

384 894 419 964 la
437 889 642 986 ignorantiae
652 892 781 980 Regum
797 893 893 978 atque
902 886 1092 980 Principum
1104 888 1239 958 talium:
1252 889 1294 958 ad
1304 901 1399 959 osten·

386 1003 528 1076 tiendum
544 1023 645 1096 genus
662 999 844 1071 humanum
862 998 1006 1068 liberum
1023 1000 1138 1093 ajugo
1155 1001 1399 1094 ipscmann

384 1115 546 1209 Propheta
562 1114 766 1186 sanctissimo
783 1134 836 1182 mc
853 1111 1102 1205 subsequentem
1119 1111 1399 1193 hortabormhse·

226 1215 231 1230 ’
386 1230 521 1326 quentia
552 1230 791 1302 mbamnmem:
819 1226 1063 1317 peremptam
1093 1227 1260 1309 videlicet,
1287 1229 1400 1298 cinna

384 1365 504 1426 eorum,
520 1357 549 1414 at
561 1344 808 1436 projiciamne
824 1337 1038 1431 nobirjopum
1055 1341 1400 1435 ipsorumflaecequi-

384 1458 462 1530 dem
479 1459 545 1528 duo
561 1457 640 1529 fient
654 1454 860 1536 sufficienter,
876 1454 905 1524 si
921 1456 1095 1525 secundam
1113 1465 1241 1548 partem
1262 1477 1403 1549 meacu-

386 1571 429 1644 tis
445 1569 601 1665 prepositi
618 1577 832 1666 prosequutus
853 1568 957 1648 fuero,
982 1577 1015 1636 et
1040 1567 1190 1638 instantis
1214 1567 1401 1662 quaestionis

390 1686 562 1756 vamtatem
577 1685 755 1756 mundam.
772 1685 857 1754 Nam
875 1704 934 1776 per
948 1679 1021 1762 hoc,
1037 1681 1125 1775 quod
1141 1684 1331 1752 Romanurn
1348 1679 1403 1748 irn-

389 1799 517 1894 pcrium
534 1801 574 1870 de
585 1799 661 1896 imo
674 1797 783 1879 tutae,
801 1793 1044 1877 monstrabitur,
1062 1817 1128 1866 non
1143 1797 1254 1866 solum
1272 1796 1314 1866 ab
1334 1817 1402 1864 otn-

387 1913 429 1984 iis
444 1913 644 2006 Principum,
664 1911 724 2007 qui
744 1911 969 2004 gubernacula
994 1909 1130 2002 publica
1154 1909 1221 1980 sibi
1248 1917 1399 2003 rmrpant,

391 2026 454 2096 hoo
470 2026 577 2119 ipsum
593 2027 634 2097 da
650 2029 801 2098 Romano
815 2025 941 2118 populo
958 2025 1157 2096 mendaciter
1182 2026 1399 2104 exieumantcs,

394 2137 599 2230 ignorantiae
615 2137 735 2209 nebula
751 2139 885 2218 eluatur:
902 2137 956 2208 sed
974 2133 1128 2208 mortales
1150 2161 1267 2210 omnes
1290 2161 1349 2210 rasa
1369 2159 1401 2206 sa

392 2249 514 2320 liberos
530 2250 646 2344 ajugo
662 2250 708 2323 sic
723 2251 951 2344 usurpantium
967 2263 1207 2344 recognoscant
1218 2252 1404 2326 Veritaran·

336 2366 340 2374 ’
393 2372 461 2432 tam
478 2361 675 2456 quaestionis
693 2373 803 2456 patere
821 2373 924 2458 potest
940 2385 1005 2434 non
1021 2366 1128 2436 solum
1145 2366 1271 2438 lumine
1280 2365 1405 2437 rationis

394 2472 567 2556 humanae,
582 2475 636 2546 sed
657 2486 695 2548 ct
720 2477 813 2548 radio
837 2476 969 2550 divinae
994 2475 1208 2550 authoritatis
1233 2481 1323 2564 Quae
1344 2477 1405 2548 dno

396 2611 472 2659 cum
488 2589 587 2678 simpl
603 2592 644 2660 ad
662 2614 766 2662 unnm
782 2601 989 2674 concurrunt,
1014 2594 1144 2663 coelum
1168 2603 1199 2664 et
1223 2603 1338 2662 terram
1361 2591 1405 2659 si-

396 2703 468 2774 mul
483 2703 635 2776 assentire
652 2727 778 2776 oscena
793 2715 850 2776 est
866 2706 969 2798 igitur
984 2705 1123 2777 fiduciae
1139 2715 1344 2798 praenotatae
1356 2703 1406 2772 in-

394 2813 501 2899 nixus,
517 2827 549 2886 et
564 2818 749 2888 testimonio
765 2819 900 2890 rationis
915 2829 948 2890 et
963 2818 1171 2890 authoritatis
1187 2821 1297 2904 fretus,
1312 2819 1405 2891 aise-

398 2933 538 3006 andam
554 2935 775 3028 quaestionem
790 2932 1010 3006 dirimendam
1026 2934 1202 3028 ingredior.

403 3235 407 3244 ,
475 3163 647 3256 Postquam
663 3162 866 3247 sufficienter,
881 3167 1060 3238 meandum
1084 3165 1170 3260 quod
1197 3165 1336 3236 materia
1357 3183 1406 3257 pa-

401 3269 491 3356 titur,
507 3273 547 3344 de
564 3275 701 3348 veritate
718 3279 845 3370 primae
863 3278 1075 3351 dubitationis
1092 3278 1287 3373 inquisitum
1302 3277 1406 3356 astia-

399 3395 462 3456 stat
478 3409 564 3460 nunc
579 3391 619 3460 de
636 3391 772 3462 verims
787 3394 946 3464 secundae
963 3393 1138 3488 inquirere:
1154 3391 1217 3462 boo
1232 3403 1290 3474 est,
1310 3403 1407 3462 aum

403 3502 568 3576 Romanus
585 3506 722 3598 populns
737 3509 777 3578 de
789 3506 865 3599 juro
880 3505 944 3578 eibi
960 3507 1113 3578 asciverit
1128 3507 1265 3600 Imperii
1280 3503 1407 3598 dignita-

406 3623 484 3685 tem.
499 3617 600 3712 Cujus
623 3619 756 3714 quidam
781 3619 980 3714 quaemionis
1006 3620 1205 3714 principium
1229 3630 1288 3701 est,
1311 3616 1407 3688 vitae

404 3751 490 3821 quae
506 3731 548 3800 sit
565 3732 622 3804 illa
638 3734 767 3816 veritas,
785 3735 819 3803 in
834 3755 936 3828 quam
947 3733 1405 3829 rationasinquisitioniapt*

404 3843 512 3924 mutis
530 3845 618 3916 velut
636 3847 670 3916 in
687 3846 887 3942 principium
903 3848 1083 3943 proprium,
1093 3843 1404 3918 memarmseiec

406 3957 487 4030 dnm
503 3969 551 4034 cst
568 3959 773 4060 igitur,qucd
788 3959 1066 4058 memadmodnm
1075 3983 1128 4034 ara
1138 3959 1172 4032 in
1188 3951 1406 4056 triptiaigrah
