2978 4984
498 285 499 289 r
527 225 599 291 ott
801 237 844 288 nr
869 222 1069 289 murreum

424 372 524 443 opere
542 341 706 441 pemuasit
723 343 859 414 Etcum
876 342 1017 439 abjuste
1034 341 1172 425 edieere
1185 341 1376 438 jurisdictio
1394 368 1442 416 re·

423 467 704 556 quaturtuecesse
720 468 776 538 est,
792 467 829 528 ut
848 458 904 553 qui
922 458 1003 530 illud
1019 456 1162 529 edictum
1180 456 1352 549 persuasit,
1365 457 1442 550 juri-

423 575 617 646 sdictionem
634 574 734 646 etiam
751 572 959 668 persuaserit:
974 595 1060 667 qnae
1075 571 1103 642 si
1118 572 1249 667 dejure
1275 595 1345 642 nou
1370 585 1439 653 erat,

427 689 548 786 injusta
564 700 643 764 arat
659 692 702 761 Et
719 689 910 771 notandum,
926 689 1014 783 quod
1029 698 1262 781 argumentum
1280 700 1439 780 sumptum

427 806 469 877 ad
485 805 736 877 destructionem
759 793 990 899 consequentis,
1006 803 1082 874 lieet
1106 804 1146 873 de
1171 826 1232 873 sua
1257 803 1368 873 forma
1390 825 1439 896 per

373 960 375 963 ·
424 919 573 1014 aliquem
588 919 696 991 lorum
714 928 839 998 teneat3
856 928 966 989 tamen
984 917 1052 989 vim
1069 940 1162 988 suam
1189 940 1249 1010 per
1272 918 1436 987 secundam

428 1033 571 1126 figuram
587 1032 736 1114 ostendit,
753 1032 780 1103 si
797 1032 979 1112 reducatur,
989 1030 1074 1101 sieut
1089 1039 1323 1122 argumentum
1342 1031 1374 1098 in
1388 1049 1437 1121 po

424 1146 556 1219 sitione=
570 1145 788 1218 antecedentis
812 1167 871 1237 per
896 1142 1056 1236 primam3
1082 1141 1247 1213 reducitur
1272 1143 1363 1213 enim
1384 1140 1434 1209 sir:

429 1261 538 1330 Omne
555 1258 710 1355 injustum
728 1257 940 1352 persuadetur
964 1256 1098 1350 injuste:
1114 1255 1261 1349 Christus
1284 1280 1352 1326 nou
1376 1281 1436 1350 per·

426 1372 530 1445 suasit
548 1372 679 1466 injuster
695 1393 774 1465 ergo
792 1393 855 1440 non
873 1370 1033 1463 persuasit
1049 1369 1264 1464 injustumrd
1289 1369 1436 1463 positione

276 1550 278 1555 .
423 1486 649 1566 anteoedentis
671 1484 735 1556 sio:
760 1486 868 1556 Omne
893 1481 1048 1577 injustum
1073 1481 1285 1574 permadetur
1315 1481 1436 1575 injuste:

431 1600 577 1673 Christus
602 1599 761 1696 persuasit
784 1598 950 1694 quoddam
984 1597 1157 1692 injustum:
1182 1618 1263 1692 ergo
1289 1594 1431 1691 persenit

431 1713 562 1809 injuste.
789 1760 791 1769 ι

508 2058 594 2128 Etsi
611 2061 799 2131 Romanam
816 2056 994 2152 imperium
1010 2054 1140 2149 dejure
1157 2077 1225 2125 non
1250 2053 1322 2136 fnit,
1336 2076 1432 2149 pecu-

430 2177 503 2240 tum
521 2171 613 2242 Adae
631 2171 665 2240 in
683 2170 811 2241 Christo
828 2193 895 2241 uon
912 2169 974 2242 tuit
991 2168 1231 2262 punitumzhoe
1249 2181 1353 2241 autem
1366 2181 1431 2238 esset

433 2286 570 2358 falsum:
589 2308 668 2378 ergo
685 2269 977 2365 eontradiotorium
994 2285 1073 2379 ejus,
1091 2309 1132 2356 ex
1147 2307 1213 2379 qno
1238 2287 1379 2380 seqnitur,
1393 2291 1431 2351 ert

435 2423 562 2470 rerum:
579 2400 716 2476 Falsitas
733 2399 955 2493 consequentis
970 2408 1106 2493 apparet
1121 2399 1177 2468 sie
1186 2399 1274 2470 Cum
1292 2399 1367 2470 euin
1381 2417 1430 2488 per

434 2523 606 2606 peccatum
623 2514 714 2585 Adae
730 2535 844 2583 omnes
860 2521 1045 2606 peccatores
1060 2535 1212 2590 essemus.
1228 2512 1430 2602 dioentedpo·

433 2628 536 2707 stolo;
552 2627 635 2698 sicut
652 2651 710 2720 per
727 2650 829 2698 uuum
847 2625 1016 2698 hominem
1034 2627 1068 2697 in
1085 2626 1171 2698 huuc
1196 2628 1351 2698 mundum
1371 2645 1431 2718 pet·

436 2751 547 2809 catum
565 2740 710 2823 intravit,
727 2751 759 2811 et
777 2764 835 2834 per
851 2750 1021 2837 peremunt
1038 2741 1201 2818 mors3ita
1218 2740 1254 2810 in
1270 2763 1373 2812 omnes
1385 2737 1429 2805 ho

438 2851 545 2922 mines
561 2876 658 2932 mors.
676 2854 711 2923 in
728 2876 793 2948 quo
809 2877 925 2925 omnes
940 2867 1164 2947 peceaverunt
1181 2856 1215 2928 Si
1234 2857 1276 2927 de
1302 2856 1353 2926 illo
1374 2873 1429 2945 pto

437 2974 513 3033 eato
530 2976 595 3035 uon
612 2967 722 3057 fuisset
738 2968 938 3040 satisfactum
956 2992 1016 3062 per
1041 2980 1181 3039 mortem
1205 2969 1334 3048 Christi.
1348 2965 1428 3038 adhoc

440 3101 580 3152 essemus
593 3080 655 3154 filii
676 3082 743 3153 irae
760 3094 887 3163 natura,
904 3095 1022 3154 natura
1044 3082 1170 3154 sedicet
1193 3084 1370 3177 depravata.
1382 3076 1427 3148 Sed

435 3191 500 3263 hoc
526 3218 594 3265 non
618 3208 674 3278 est,
691 3219 767 3268 cum
784 3197 871 3268 dieat
889 3197 1062 3290 Apostolm
1078 3197 1119 3268 ad
1137 3196 1312 3291 Ephesios,
1326 3197 1428 3287 taem

435 3308 481 3380 de
505 3313 615 3384 Patre:
634 3311 700 3394 Oui
721 3312 965 3403 praedestinavit
990 3334 1048 3382 aas
1072 3312 1109 3381 in
1133 3312 1303 3403 adoptione
1315 3311 1426 3403 fitium

437 3445 499 3516 per
513 3426 621 3496 lesum
638 3427 806 3507 Gttristum,
823 3428 859 3495 io
875 3427 988 3517 iprum,
1005 3427 1174 3498 urendum
1190 3428 1376 3519 propostam
1388 3439 1427 3486 w

439 3539 869 3625 torneamentum
888 3542 1065 3633 etptorium
1088 3544 1208 3633 pretim
1231 3565 1314 3621 suar,
1334 3540 1424 3623 inp!

390 3751 394 3754 ἡ
441 3655 634 3746 protificnnit
649 3679 706 3726 uos
723 3657 758 3725 ia
780 3657 892 3728 dilecto
911 3658 984 3750 filio
1009 3680 1077 3740 ruo,
1093 3657 1130 3727 in
1153 3679 1216 3750 puo
1240 3658 1372 3727 sumo
1386 3667 1421 3712 s*

437 3770 647 3861 demptiones
659 3793 719 3862 per
734 3772 914 3862 samniam
931 3769 1009 3866 ejus,
1026 3771 1240 3844 remissiorem
1251 3780 1421 3866 pamm
