2978 4984
511 433 585 509 ’618
788 455 831 506 nn
857 457 1055 506 nonnncnu
1083 531 1085 538 Ι

414 567 584 637 secrrnctom
609 563 736 634 diuitias
760 565 878 656 oratioe
903 557 987 644 suite,
1005 585 1081 654 quoe
1107 563 1368 654 cumrohunciocit
1390 565 1427 632 in
1459 560 1460 583 ¹

412 683 511 751 nohis.
536 683 624 750 Dum
651 679 752 748 etiam
777 677 931 759 Christus,
950 677 984 746 in
1009 699 1043 746 se
1069 675 1274 769 punitionem
1297 677 1425 771 patiens,

412 797 500 867 dicat
519 796 553 864 in
570 793 730 875 iohanne,
749 793 1008 884 Consummotnm
1023 803 1084 860 cst:
1101 815 1180 861 nam
1196 793 1256 864 uhi
1285 815 1423 862 consom-

411 921 538 980 matum
555 905 706 1008 estnihil
722 915 820 977 restat
838 907 1010 1000 agendum.
1020 911 1155 999 Propter
1166 907 1420 976 convenientiam

409 1021 588 1102 sciendum,
605 1022 691 1116 quod
708 1021 835 1114 punitio
851 1043 917 1091 non
934 1031 981 1094 est
996 1016 1188 1116 simpliciter
1215 1041 1323 1114 poena
1348 1022 1421 1113 injo-

410 1135 497 1205 rinm
523 1135 706 1204 inserentis:
722 1134 777 1205 sed
803 1157 908 1228 poena
934 1133 1061 1206 inflicta
1086 1134 1245 1229 injuriam
1271 1135 1419 1211 inferenti,

411 1247 455 1316 nh
472 1246 611 1318 habente
624 1247 885 1340 jurisdictionem
902 1249 1078 1342 puniendi·,
1094 1248 1179 1319 unde
1196 1247 1262 1318 nisi
1279 1249 1325 1320 ah
1346 1249 1420 1317 orii·

411 1362 507 1433 nnrio
520 1363 629 1455 judice
646 1383 753 1454 poena
768 1361 954 1444 intlictnsit,
965 1363 1093 1457 punitio
1110 1385 1176 1433 non
1193 1373 1250 1442 ost,
1260 1365 1317 1434 sed
1328 1363 1417 1456 potin

412 1473 535 1571 injuria
551 1488 598 1546 est
613 1477 768 1556 dicendm
778 1477 864 1547 unde
874 1473 1003 1550 dicebat
1021 1479 1077 1548 ille
1088 1478 1209 1572 Moysi:
1221 1479 1302 1562 Onr's
1318 1492 1344 1547 tr
1360 1501 1419 1546 corr

412 1589 512 1656 surm
525 1587 665 1680 jurem
681 1571 774 1680 super
789 1595 868 1660 non
884 1593 919 1663 sr
944 1615 1023 1686 ogo
1048 1591 1107 1663 sun
1132 1591 1304 1663 omnmo
1322 1592 1419 1687 juris

410 1701 555 1773 Christus
572 1727 681 1796 passus
696 1717 762 1773 non
779 1705 898 1787 inisset,
916 1705 974 1777 illu
991 1729 1096 1800 menn
1114 1705 1247 1800 punitio
1263 1729 1324 1776 non
1348 1705 1417 1774 iuis

347 1907 351 1914 1
412 1829 476 1886 set:
491 1827 523 1885 et
536 1817 638 1910 judex
655 1817 840 1888 ordinarius
857 1841 923 1888 esse
941 1839 1006 1888 non
1027 1829 1164 1913 poterat,
1182 1819 1246 1889 nisi
1259 1841 1345 1912 snpra
1370 1829 1415 1885 to-

413 1943 485 2000 tmn
503 1929 684 2000 humanum
702 1951 803 2022 genus
814 1932 1077 2032 jurisdictionem
1092 1931 1305 2012 hnbcns,cnrn
1319 1941 1410 1999 toturn

412 2041 595 2113 humanum
612 2065 713 2138 genus
731 2048 765 2115 in
783 2067 880 2117 corne
897 2049 956 2118 iila
972 2047 1091 2117 Christi
1122 2047 1282 2140 portantis
1303 2045 1412 2114 dotores

405 2168 538 2228 ,nostros
556 2160 608 2249 (ut
633 2160 679 2230 nit
704 2161 883 2255 Propheta)
902 2163 955 2233 vel
979 2161 1174 2243 sustinentis,
1194 2161 1363 2256 puniretur.
1377 2159 1413 2228 n

413 2291 510 2363 supra
527 2283 632 2344 totum
649 2274 832 2347 humanum
849 2301 950 2370 genus
968 2277 1117 2348 Tiberius
1125 2277 1256 2358 Caesar,
1275 2278 1358 2370 cnjus
1372 2275 1413 2342 ri-

414 2384 522 2455 c'nrius
547 2399 616 2459 erut
640 2390 772 2471 Pilatus,
793 2389 1058 2484 jurisdictionem
1085 2414 1152 2460 non
1181 2390 1349 2468 habuisset,
1364 2387 1414 2457 nisi

415 2501 600 2572 Romanum
619 2503 850 2597 imperiumne
861 2504 936 2597 jure
954 2504 1071 2576 fnisset
1089 2505 1177 2575 Hinc
1193 2517 1240 2574 est
1264 2505 1342 2598 qnod
1356 2505 1415 2572 He·

415 2615 519 2696 rodes,
536 2617 686 2708 quamvis
712 2618 869 2711 ignorans
893 2619 972 2718 quid
990 2620 1120 2700 taceret,
1136 2618 1222 2688 sicut
1235 2627 1265 2686 et
1281 2615 1413 2706 Cnith

414 2749 490 2798 cum
516 2751 630 2799 verum
655 2731 747 2813 dixit,
764 2733 803 2802 de
830 2731 959 2802 coelesti
976 2730 1124 2815 'decreto
1140 2731 1301 2803 Christum
1322 2729 1414 2800 Pham

415 2843 542 2914 remisit
558 2847 598 2914 ad
612 2846 837 2938 judicandum,
852 2858 890 2918 ut
906 2851 1009 2919 Lucus
1026 2847 1061 2916 in
1086 2869 1145 2916 suo
1164 2843 1338 2944 Evnngclio
1359 2855 1414 2912 tra·

414 2957 471 3026 dit.
498 2961 578 3028 Erat
603 2961 693 3030 enirn
720 2963 859 3031 Herodis
879 2983 944 3031 non
962 2961 1070 3032 vicem
1087 2961 1214 3032 Tiberii
1237 2982 1352 3054 gerens
1366 2957 1411 3024 suh

414 3071 509 3162 signo
526 3073 727 3164 nqnilne,vel
744 3075 804 3144 suh
822 3074 916 3167 signo
935 3075 1150 3156 &natumsed
1169 3097 1235 3154 rex,
1254 3095 1348 3166 regno
1360 3069 1412 3138 sin·

414 3183 522 3276 golmi
539 3186 705 3257 ordinatus
721 3189 764 3259 nh
781 3211 829 3268 eo,
848 3199 879 3260 et
895 3189 956 3258 snh
973 3190 1067 3282 signo
1085 3188 1178 3282 regni
1194 3187 1259 3257 sihi
1271 3181 1410 3256 connisi

414 3299 612 3392 gubernans.
623 3303 782 3372 Desinunt
799 3303 901 3395 igitur
918 3301 1096 3394 imperium
1105 3301 1304 3395 exprobrare
1314 3303 1411 3368 Rona-

345 3447 350 3456 ·
415 3435 505 3494 num,
523 3415 632 3509 quise
650 3415 736 3486 tilios
754 3415 920 3488 Ecclesiae
938 3415 1081 3506 tingunt:
1099 3437 1176 3483 cnm
1193 3412 1322 3483 videant
1337 3427 1413 3500 spon·

414 3552 485 3599 snm
503 3529 668 3602 Christum
687 3529 767 3598 illud
785 3528 831 3598 sic
849 3529 883 3597 in
900 3538 1036 3620 utroque
1047 3525 1195 3595 termino
1212 3517 1412 3595 suaemnius

413 3644 650 3734 comprobasse.
668 3645 709 3712 Et
723 3642 795 3736 jam
811 3631 1006 3711 sufficienter
1022 3638 1237 3708 manifestum
1254 3659 1317 3707 ome
1339 3627 1409 3702 arii

415 3767 494 3836 troo
521 3759 710 3854 Romanum
736 3757 894 3850 poputum
920 3755 983 3826 sihi
1007 3755 1136 3849 dejure
1152 3754 1243 3823 orhis
1259 3749 1409 3843 imperim

417 3869 597 3941 adscivisse.
632 3871 816 3942 Ofelioem
844 3871 1019 3962 populum,
1051 3889 1073 3936 o
1098 3867 1279 3938 Ausoniam
1302 3873 1331 3933 te
1354 3857 1408 3950 rit*

418 3984 559 4070 riosam,
584 3985 620 4057 'si
649 3985 701 4058 vol
727 4005 895 4084 nunqnam
922 3983 1107 4054 infirmntor
1138 3981 1195 4054 iiie
1228 3973 1345 4076 imperii
1371 3967 1409 4036 tui
