<?xml version="1.0" encoding="UTF-8"?>
<!DOCTYPE html PUBLIC "-//W3C//DTD XHTML 1.0 Transitional//EN"
    "http://www.w3.org/TR/xhtml1/DTD/xhtml1-transitional.dtd">
<html xmlns="http://www.w3.org/1999/xhtml" xml:lang="en" lang="en">
 <head>
  <title>
</title>
<meta http-equiv="Content-Type" content="text/html;charset=utf-8" />
  <meta name='ocr-system' content='tesseract 3.04.00' />
  <meta name='ocr-capabilities' content='ocr_page ocr_carea ocr_par ocr_line ocrx_word'/>
</head>
<body>
  <div class='ocr_page' id='page_1' title='image "./leegloghelatine00fratgoog_0460.png"; bbox 0 0 2890 4978; ppageno 0'>
   <div class='ocr_carea' id='block_1_1' title="bbox 516 415 1112 494">
    <p class='ocr_par' dir='ltr' id='par_1_1' title="bbox 516 415 1112 494">
     <span class='ocr_line' id='line_1_1' title="bbox 516 415 1112 494; baseline 0.003 -12"><span class='ocrx_word' id='word_1_1' title='bbox 516 415 589 484; x_wconf 73' lang='lat' dir='ltr'><strong>ttss</strong></span> <span class='ocrx_word' id='word_1_2' title='bbox 725 433 769 484; x_wconf 86' lang='lat' dir='ltr'><strong>nn</strong></span> <span class='ocrx_word' id='word_1_3' title='bbox 793 432 942 484; x_wconf 77' lang='lat' dir='ltr'><strong>vomam</strong></span> <span class='ocrx_word' id='word_1_4' title='bbox 968 431 1112 494; x_wconf 84' lang='lat' dir='ltr'><strong>naoomo</strong></span> 
     </span>
    </p>
   </div>
   <div class='ocr_carea' id='block_1_2' title="bbox 305 537 1395 2120">
    <p class='ocr_par' dir='ltr' id='par_1_2' title="bbox 405 537 1395 1435">
     <span class='ocr_line' id='line_1_2' title="bbox 414 537 1395 633; baseline 0 -19"><span class='ocrx_word' id='word_1_5' title='bbox 414 540 553 616; x_wconf 80' lang='lat' dir='ltr'><strong>infantes</strong></span> <span class='ocrx_word' id='word_1_6' title='bbox 586 541 765 613; x_wconf 76' lang='lat' dir='ltr'><strong>adorabunt</strong></span> <span class='ocrx_word' id='word_1_7' title='bbox 798 539 843 612; x_wconf 91' lang='lat' dir='ltr'><strong>ab</strong></span> <span class='ocrx_word' id='word_1_8' title='bbox 858 539 1093 620; x_wconf 76' lang='lat' dir='ltr'><strong>adsistentibus,</strong></span> <span class='ocrx_word' id='word_1_9' title='bbox 1110 559 1186 612; x_wconf 85' lang='lat' dir='ltr'><strong>cunr</strong></span> <span class='ocrx_word' id='word_1_10' title='bbox 1208 537 1343 633; x_wconf 86' lang='lat' dir='ltr'><strong>primitus</strong></span> <span class='ocrx_word' id='word_1_11' title='bbox 1357 543 1395 614; x_wconf 82' lang='lat' dir='ltr'><strong>di·</strong></span> 
     </span>
     <span class='ocr_line' id='line_1_3' title="bbox 410 651 1393 749; baseline -0.002 -23"><span class='ocrx_word' id='word_1_12' title='bbox 410 657 573 749; x_wconf 77' lang='lat' dir='ltr'><strong>stinguere</strong></span> <span class='ocrx_word' id='word_1_13' title='bbox 588 676 684 726; x_wconf 83' lang='lat' dir='ltr'><strong>voces</strong></span> <span class='ocrx_word' id='word_1_14' title='bbox 700 653 876 748; x_wconf 86' lang='lat' dir='ltr'><strong>incipiunt:</strong></span> <span class='ocrx_word' id='word_1_15' title='bbox 892 653 944 726; x_wconf 85' lang='lat' dir='ltr'><strong>vel</strong></span> <span class='ocrx_word' id='word_1_16' title='bbox 960 654 1047 748; x_wconf 76' lang='lat' dir='ltr'><strong>quod</strong></span> <span class='ocrx_word' id='word_1_17' title='bbox 1069 651 1202 724; x_wconf 79' lang='lat' dir='ltr'><strong>brevius</strong></span> <span class='ocrx_word' id='word_1_18' title='bbox 1221 655 1282 724; x_wconf 86' lang='lat' dir='ltr'><strong>dici</strong></span> <span class='ocrx_word' id='word_1_19' title='bbox 1306 667 1393 748; x_wconf 81' lang='lat' dir='ltr'><strong>potest,</strong></span> 
     </span>
     <span class='ocr_line' id='line_1_4' title="bbox 410 767 1390 864; baseline -0.001 -23"><span class='ocrx_word' id='word_1_20' title='bbox 410 772 590 864; x_wconf 84' lang='lat' dir='ltr'><strong>Vulgarem</strong></span> <span class='ocrx_word' id='word_1_21' title='bbox 605 769 805 844; x_wconf 81' lang='lat' dir='ltr'><strong>loorttonem</strong></span> <span class='ocrx_word' id='word_1_22' title='bbox 822 769 1005 850; x_wconf 80' lang='lat' dir='ltr'><strong>asserimus,</strong></span> <span class='ocrx_word' id='word_1_23' title='bbox 1022 789 1124 864; x_wconf 91' lang='lat' dir='ltr'><strong>quam</strong></span> <span class='ocrx_word' id='word_1_24' title='bbox 1133 767 1390 864; x_wconf 73' lang='lat' dir='ltr'><strong>sineomnireguta</strong></span> 
     </span>
     <span class='ocr_line' id='line_1_5' title="bbox 409 882 1391 978; baseline -0.001 -23"><span class='ocrx_word' id='word_1_25' title='bbox 409 885 569 957; x_wconf 87' lang='lat' dir='ltr'><strong>nutricem</strong></span> <span class='ocrx_word' id='word_1_26' title='bbox 587 883 764 968; x_wconf 83' lang='lat' dir='ltr'><strong>imitantes,</strong></span> <span class='ocrx_word' id='word_1_27' title='bbox 779 883 969 978; x_wconf 76' lang='lat' dir='ltr'><strong>accipimus.</strong></span> <span class='ocrx_word' id='word_1_28' title='bbox 986 885 1044 956; x_wconf 78' lang='lat' dir='ltr'><strong>list</strong></span> <span class='ocrx_word' id='word_1_29' title='bbox 1060 891 1093 954; x_wconf 90' lang='lat' dir='ltr'><strong>et</strong></span> <span class='ocrx_word' id='word_1_30' title='bbox 1116 882 1193 956; x_wconf 86' lang='lat' dir='ltr'><strong>inde</strong></span> <span class='ocrx_word' id='word_1_31' title='bbox 1214 885 1277 956; x_wconf 87' lang='lat' dir='ltr'><strong>alia</strong></span> <span class='ocrx_word' id='word_1_32' title='bbox 1299 885 1391 956; x_wconf 82' lang='lat' dir='ltr'><strong>lomtc</strong></span> 
     </span>
     <span class='ocr_line' id='line_1_6' title="bbox 407 997 1391 1096; baseline 0 -26"><span class='ocrx_word' id='word_1_33' title='bbox 407 997 597 1070; x_wconf 74' lang='lat' dir='ltr'><strong>secuudmm</strong></span> <span class='ocrx_word' id='word_1_34' title='bbox 613 999 718 1082; x_wconf 87' lang='lat' dir='ltr'><strong>nobis,</strong></span> <span class='ocrx_word' id='word_1_35' title='bbox 735 1023 835 1096; x_wconf 89' lang='lat' dir='ltr'><strong>qnam</strong></span> <span class='ocrx_word' id='word_1_36' title='bbox 852 1000 997 1072; x_wconf 86' lang='lat' dir='ltr'><strong>Romani</strong></span> <span class='ocrx_word' id='word_1_37' title='bbox 1014 999 1272 1072; x_wconf 79' lang='lat' dir='ltr'><strong>Grammaticus</strong></span> <span class='ocrx_word' id='word_1_38' title='bbox 1283 1023 1391 1070; x_wconf 80' lang='lat' dir='ltr'><strong>vocare·</strong></span> 
     </span>
     <span class='ocr_line' id='line_1_7' title="bbox 408 1111 1389 1210; baseline -0.007 -25"><span class='ocrx_word' id='word_1_39' title='bbox 408 1123 492 1185; x_wconf 89' lang='lat' dir='ltr'><strong>runt.</strong></span> <span class='ocrx_word' id='word_1_40' title='bbox 509 1114 603 1184; x_wconf 86' lang='lat' dir='ltr'><strong>Hanc</strong></span> <span class='ocrx_word' id='word_1_41' title='bbox 619 1114 752 1210; x_wconf 87' lang='lat' dir='ltr'><strong>quidem</strong></span> <span class='ocrx_word' id='word_1_42' title='bbox 768 1113 994 1185; x_wconf 63' lang='lat' dir='ltr'><strong>mundanam</strong></span> <span class='ocrx_word' id='word_1_43' title='bbox 1009 1113 1125 1186; x_wconf 79' lang='lat' dir='ltr'><strong>Graaei</strong></span> <span class='ocrx_word' id='word_1_44' title='bbox 1148 1114 1277 1194; x_wconf 76' lang='lat' dir='ltr'><strong>babent,</strong></span> <span class='ocrx_word' id='word_1_45' title='bbox 1295 1122 1322 1183; x_wconf 89' lang='lat' dir='ltr'><strong>et</strong></span> <span class='ocrx_word' id='word_1_46' title='bbox 1340 1111 1389 1192; x_wconf 84' lang='lat' dir='ltr'><strong>alii,</strong></span> 
     </span>
     <span class='ocr_line' id='line_1_8' title="bbox 405 1225 1389 1324; baseline 0 -24"><span class='ocrx_word' id='word_1_47' title='bbox 405 1229 460 1300; x_wconf 89' lang='lat' dir='ltr'><strong>sed</strong></span> <span class='ocrx_word' id='word_1_48' title='bbox 477 1249 544 1298; x_wconf 93' lang='lat' dir='ltr'><strong>non</strong></span> <span class='ocrx_word' id='word_1_49' title='bbox 559 1249 683 1308; x_wconf 81' lang='lat' dir='ltr'><strong>omnes3</strong></span> <span class='ocrx_word' id='word_1_50' title='bbox 700 1228 741 1300; x_wconf 88' lang='lat' dir='ltr'><strong>ad</strong></span> <span class='ocrx_word' id='word_1_51' title='bbox 757 1227 908 1300; x_wconf 92' lang='lat' dir='ltr'><strong>babitum</strong></span> <span class='ocrx_word' id='word_1_52' title='bbox 918 1251 998 1300; x_wconf 85' lang='lat' dir='ltr'><strong>varo</strong></span> <span class='ocrx_word' id='word_1_53' title='bbox 1008 1227 1104 1324; x_wconf 86' lang='lat' dir='ltr'><strong>bojas</strong></span> <span class='ocrx_word' id='word_1_54' title='bbox 1115 1227 1211 1322; x_wconf 90' lang='lat' dir='ltr'><strong>pauci</strong></span> <span class='ocrx_word' id='word_1_55' title='bbox 1223 1225 1389 1320; x_wconf 81' lang='lat' dir='ltr'><strong>perveniunt</strong></span> 
     </span>
     <span class='ocr_line' id='line_1_9' title="bbox 406 1339 1388 1435; baseline -0.003 -23"><span class='ocrx_word' id='word_1_56' title='bbox 406 1341 484 1435; x_wconf 82' lang='lat' dir='ltr'><strong>quia</strong></span> <span class='ocrx_word' id='word_1_57' title='bbox 501 1363 566 1411; x_wconf 95' lang='lat' dir='ltr'><strong>non</strong></span> <span class='ocrx_word' id='word_1_58' title='bbox 584 1340 647 1410; x_wconf 88' lang='lat' dir='ltr'><strong>nisi</strong></span> <span class='ocrx_word' id='word_1_59' title='bbox 663 1361 722 1433; x_wconf 87' lang='lat' dir='ltr'><strong>per</strong></span> <span class='ocrx_word' id='word_1_60' title='bbox 737 1341 879 1434; x_wconf 90' lang='lat' dir='ltr'><strong>spatium</strong></span> <span class='ocrx_word' id='word_1_61' title='bbox 901 1341 1059 1435; x_wconf 86' lang='lat' dir='ltr'><strong>temporis</strong></span> <span class='ocrx_word' id='word_1_62' title='bbox 1083 1352 1116 1417; x_wconf 88' lang='lat' dir='ltr'><strong>ct</strong></span> <span class='ocrx_word' id='word_1_63' title='bbox 1138 1341 1233 1413; x_wconf 85' lang='lat' dir='ltr'><strong>studii</strong></span> <span class='ocrx_word' id='word_1_64' title='bbox 1255 1339 1388 1411; x_wconf 69' lang='lat' dir='ltr'><strong>midan</strong></span> 
     </span>
    </p>

    <p class='ocr_par' dir='ltr' id='par_1_3' title="bbox 305 1445 1389 2120">
     <span class='ocr_line' id='line_1_10' title="bbox 382 1445 1389 1548; baseline 0.003 -24"><span class='ocrx_word' id='word_1_65' title='bbox 382 1445 387 1461; x_wconf 73' lang='grc'><em>“</em></span> <span class='ocrx_word' id='word_1_66' title='bbox 404 1465 482 1535; x_wconf 89' lang='lat' dir='ltr'><strong>tem,</strong></span> <span class='ocrx_word' id='word_1_67' title='bbox 499 1454 696 1547; x_wconf 62' lang='lat' dir='ltr'><strong>reputamur,</strong></span> <span class='ocrx_word' id='word_1_68' title='bbox 712 1464 744 1524; x_wconf 89' lang='lat' dir='ltr'><strong>ct</strong></span> <span class='ocrx_word' id='word_1_69' title='bbox 761 1455 986 1526; x_wconf 86' lang='lat' dir='ltr'><strong>doctrinamur</strong></span> <span class='ocrx_word' id='word_1_70' title='bbox 1002 1453 1037 1524; x_wconf 92' lang='lat' dir='ltr'><strong>in</strong></span> <span class='ocrx_word' id='word_1_71' title='bbox 1055 1455 1125 1527; x_wconf 90' lang='lat' dir='ltr'><strong>illa.</strong></span> <span class='ocrx_word' id='word_1_72' title='bbox 1149 1457 1274 1528; x_wconf 80' lang='lat' dir='ltr'><strong>flamm</strong></span> <span class='ocrx_word' id='word_1_73' title='bbox 1293 1473 1389 1548; x_wconf 73' lang='lat' dir='ltr'><strong>qnoque</strong></span> 
     </span>
     <span class='ocr_line' id='line_1_11' title="bbox 305 1566 1388 1665; baseline -0.005 -25"><span class='ocrx_word' id='word_1_74' title='bbox 305 1585 308 1596; x_wconf 85' lang='grc'><em>·</em></span> <span class='ocrx_word' id='word_1_75' title='bbox 404 1569 544 1640; x_wconf 75' lang='lat' dir='ltr'><strong>duarum</strong></span> <span class='ocrx_word' id='word_1_76' title='bbox 559 1566 704 1638; x_wconf 90' lang='lat' dir='ltr'><strong>nobilior</strong></span> <span class='ocrx_word' id='word_1_77' title='bbox 720 1578 767 1638; x_wconf 86' lang='lat' dir='ltr'><strong>est</strong></span> <span class='ocrx_word' id='word_1_78' title='bbox 783 1568 949 1662; x_wconf 77' lang='lat' dir='ltr'><strong>vulgaris,</strong></span> <span class='ocrx_word' id='word_1_79' title='bbox 966 1577 1037 1640; x_wconf 79' lang='lat' dir='ltr'><strong>bam</strong></span> <span class='ocrx_word' id='word_1_80' title='bbox 1054 1569 1133 1665; x_wconf 87' lang='lat' dir='ltr'><strong>quia</strong></span> <span class='ocrx_word' id='word_1_81' title='bbox 1150 1569 1258 1665; x_wconf 88' lang='lat' dir='ltr'><strong>prima</strong></span> <span class='ocrx_word' id='word_1_82' title='bbox 1276 1569 1327 1640; x_wconf 82' lang='lat' dir='ltr'><strong>fuit</strong></span> <span class='ocrx_word' id='word_1_83' title='bbox 1346 1566 1388 1636; x_wconf 82' lang='lat' dir='ltr'><strong>bc</strong></span> 
     </span>
     <span class='ocr_line' id='line_1_12' title="bbox 404 1679 1387 1780; baseline 0 -28"><span class='ocrx_word' id='word_1_84' title='bbox 404 1703 505 1754; x_wconf 92' lang='lat' dir='ltr'><strong>mano</strong></span> <span class='ocrx_word' id='word_1_85' title='bbox 520 1681 634 1774; x_wconf 79' lang='lat' dir='ltr'><strong>generi</strong></span> <span class='ocrx_word' id='word_1_86' title='bbox 648 1679 777 1764; x_wconf 61' lang='lat' dir='ltr'><strong>saciata,</strong></span> <span class='ocrx_word' id='word_1_87' title='bbox 793 1690 864 1756; x_wconf 89' lang='lat' dir='ltr'><strong>tum</strong></span> <span class='ocrx_word' id='word_1_88' title='bbox 880 1683 959 1778; x_wconf 88' lang='lat' dir='ltr'><strong>quia</strong></span> <span class='ocrx_word' id='word_1_89' title='bbox 975 1691 1059 1756; x_wconf 81' lang='lat' dir='ltr'><strong>totta</strong></span> <span class='ocrx_word' id='word_1_90' title='bbox 1074 1685 1167 1756; x_wconf 92' lang='lat' dir='ltr'><strong>orbis</strong></span> <span class='ocrx_word' id='word_1_91' title='bbox 1190 1683 1258 1780; x_wconf 92' lang='lat' dir='ltr'><strong>ipsa</strong></span> <span class='ocrx_word' id='word_1_92' title='bbox 1281 1681 1387 1778; x_wconf 64' lang='lat' dir='ltr'><strong>prini-</strong></span> 
     </span>
     <span class='ocr_line' id='line_1_13' title="bbox 405 1792 1387 1889; baseline 0 -23"><span class='ocrx_word' id='word_1_93' title='bbox 405 1807 466 1876; x_wconf 90' lang='lat' dir='ltr'><strong>tur‚</strong></span> <span class='ocrx_word' id='word_1_94' title='bbox 483 1793 560 1866; x_wconf 90' lang='lat' dir='ltr'><strong>ticet</strong></span> <span class='ocrx_word' id='word_1_95' title='bbox 576 1794 611 1864; x_wconf 93' lang='lat' dir='ltr'><strong>in</strong></span> <span class='ocrx_word' id='word_1_96' title='bbox 627 1792 772 1866; x_wconf 73' lang='lat' dir='ltr'><strong>diversas</strong></span> <span class='ocrx_word' id='word_1_97' title='bbox 787 1797 988 1889; x_wconf 85' lang='lat' dir='ltr'><strong>pmtationes</strong></span> <span class='ocrx_word' id='word_1_98' title='bbox 1002 1807 1037 1869; x_wconf 87' lang='lat' dir='ltr'><strong>et</strong></span> <span class='ocrx_word' id='word_1_99' title='bbox 1052 1797 1217 1870; x_wconf 77' lang='lat' dir='ltr'><strong>rambula</strong></span> <span class='ocrx_word' id='word_1_100' title='bbox 1238 1799 1278 1870; x_wconf 86' lang='lat' dir='ltr'><strong>sit</strong></span> <span class='ocrx_word' id='word_1_101' title='bbox 1296 1795 1387 1868; x_wconf 74' lang='lat' dir='ltr'><strong>tice:</strong></span> 
     </span>
     <span class='ocr_line' id='line_1_14' title="bbox 404 1903 1386 2006; baseline -0.002 -28"><span class='ocrx_word' id='word_1_102' title='bbox 404 1919 475 1988; x_wconf 81' lang='lat' dir='ltr'><strong>tum</strong></span> <span class='ocrx_word' id='word_1_103' title='bbox 491 1907 569 2002; x_wconf 88' lang='lat' dir='ltr'><strong>quia</strong></span> <span class='ocrx_word' id='word_1_104' title='bbox 586 1909 743 1980; x_wconf 70' lang='lat' dir='ltr'><strong>causato</strong></span> <span class='ocrx_word' id='word_1_105' title='bbox 758 1918 805 1980; x_wconf 89' lang='lat' dir='ltr'><strong>est</strong></span> <span class='ocrx_word' id='word_1_106' title='bbox 821 1909 927 1994; x_wconf 87' lang='lat' dir='ltr'><strong>nobis,</strong></span> <span class='ocrx_word' id='word_1_107' title='bbox 943 1933 1019 1984; x_wconf 87' lang='lat' dir='ltr'><strong>cum</strong></span> <span class='ocrx_word' id='word_1_108' title='bbox 1036 1909 1095 1982; x_wconf 84' lang='lat' dir='ltr'><strong>iila</strong></span> <span class='ocrx_word' id='word_1_109' title='bbox 1119 1909 1227 2006; x_wconf 90' lang='lat' dir='ltr'><strong>potius</strong></span> <span class='ocrx_word' id='word_1_110' title='bbox 1244 1903 1386 1982; x_wconf 84' lang='lat' dir='ltr'><strong>artibciaiis</strong></span> 
     </span>
     <span class='ocr_line' id='line_1_15' title="bbox 404 2020 1385 2120; baseline 0 -27"><span class='ocrx_word' id='word_1_111' title='bbox 404 2021 529 2104; x_wconf 71' lang='lat' dir='ltr'><strong>existat:</strong></span> <span class='ocrx_word' id='word_1_112' title='bbox 538 2031 571 2092; x_wconf 88' lang='lat' dir='ltr'><strong>et</strong></span> <span class='ocrx_word' id='word_1_113' title='bbox 580 2023 621 2092; x_wconf 82' lang='lat' dir='ltr'><strong>dc</strong></span> <span class='ocrx_word' id='word_1_114' title='bbox 629 2020 692 2094; x_wconf 88' lang='lat' dir='ltr'><strong>bac</strong></span> <span class='ocrx_word' id='word_1_115' title='bbox 700 2022 857 2096; x_wconf 90' lang='lat' dir='ltr'><strong>nobiliori</strong></span> <span class='ocrx_word' id='word_1_116' title='bbox 866 2035 978 2098; x_wconf 90' lang='lat' dir='ltr'><strong>nostra</strong></span> <span class='ocrx_word' id='word_1_117' title='bbox 988 2035 1042 2098; x_wconf 88' lang='lat' dir='ltr'><strong>est</strong></span> <span class='ocrx_word' id='word_1_118' title='bbox 1058 2023 1199 2096; x_wconf 90' lang='lat' dir='ltr'><strong>intentio</strong></span> <span class='ocrx_word' id='word_1_119' title='bbox 1216 2031 1385 2120; x_wconf 72' lang='lat' dir='ltr'><strong>perornare</strong></span> 
     </span>
    </p>
   </div>
   <div class='ocr_carea' id='block_1_3' title="bbox 813 2251 1026 2324">
    <p class='ocr_par' dir='ltr' id='par_1_4' title="bbox 813 2251 1026 2324">
     <span class='ocr_line' id='line_1_16' title="bbox 813 2251 1026 2324; baseline -0.005 -1"><span class='ocrx_word' id='word_1_120' title='bbox 813 2251 958 2324; x_wconf 82' lang='lat' dir='ltr'><strong>CAPUT</strong></span> <span class='ocrx_word' id='word_1_121' title='bbox 983 2253 1026 2323; x_wconf 89' lang='lat'><strong>11.</strong></span> 
     </span>
    </p>
   </div>
   <div class='ocr_carea' id='block_1_4' title="bbox 471 2499 1327 2561">
    <p class='ocr_par' dir='ltr' id='par_1_5' title="bbox 471 2499 1327 2561">
     <span class='ocr_line' id='line_1_17' title="bbox 471 2499 1327 2561; baseline 0.006 -10"><span class='ocrx_word' id='word_1_122' title='bbox 471 2499 560 2561; x_wconf 71' lang='lat' dir='ltr'><strong>QUOD</strong></span> <span class='ocrx_word' id='word_1_123' title='bbox 575 2501 674 2554; x_wconf 67' lang='lat' dir='ltr'><strong>bobus</strong></span> <span class='ocrx_word' id='word_1_124' title='bbox 689 2503 786 2554; x_wconf 72' lang='lat' dir='ltr'><strong>nouo</strong></span> <span class='ocrx_word' id='word_1_125' title='bbox 803 2503 919 2556; x_wconf 73' lang='lat' dir='ltr'><strong>Hfflb&#39;</strong></span> <span class='ocrx_word' id='word_1_126' title='bbox 933 2505 1163 2559; x_wconf 66' lang='grc' dir='ltr'><strong>(ΞΟΙΙΒΙΕῘΠΙ</strong></span> <span class='ocrx_word' id='word_1_127' title='bbox 1178 2503 1327 2560; x_wconf 67' lang='lat' dir='ltr'><strong>§mom-</strong></span> 
     </span>
    </p>
   </div>
   <div class='ocr_carea' id='block_1_5' title="bbox 403 2709 1388 4064">
    <p class='ocr_par' dir='ltr' id='par_1_6' title="bbox 403 2709 1388 4064">
     <span class='ocr_line' id='line_1_18' title="bbox 414 2709 1388 2806; baseline -0.012 -22"><span class='ocrx_word' id='word_1_128' title='bbox 414 2721 418 2732; x_wconf 91' lang='lat'>&#39;</span> <span class='ocrx_word' id='word_1_129' title='bbox 456 2709 547 2784; x_wconf 80' lang='lat' dir='ltr'><strong>Haec</strong></span> <span class='ocrx_word' id='word_1_130' title='bbox 563 2716 612 2780; x_wconf 83' lang='lat' dir='ltr'><strong>est</strong></span> <span class='ocrx_word' id='word_1_131' title='bbox 627 2717 741 2782; x_wconf 86' lang='lat' dir='ltr'><strong>nostra</strong></span> <span class='ocrx_word' id='word_1_132' title='bbox 753 2733 831 2784; x_wconf 84' lang='lat' dir='ltr'><strong>vera</strong></span> <span class='ocrx_word' id='word_1_133' title='bbox 848 2712 958 2806; x_wconf 84' lang='lat' dir='ltr'><strong>prima</strong></span> <span class='ocrx_word' id='word_1_134' title='bbox 974 2713 1109 2786; x_wconf 83' lang='lat' dir='ltr'><strong>locutio:</strong></span> <span class='ocrx_word' id='word_1_135' title='bbox 1130 2737 1197 2786; x_wconf 93' lang='lat' dir='ltr'><strong>non</strong></span> <span class='ocrx_word' id='word_1_136' title='bbox 1219 2713 1284 2786; x_wconf 90' lang='lat' dir='ltr'><strong>dico</strong></span> <span class='ocrx_word' id='word_1_137' title='bbox 1303 2713 1388 2780; x_wconf 83' lang='lat' dir='ltr'><strong>antem</strong></span> 
     </span>
     <span class='ocr_line' id='line_1_19' title="bbox 405 2821 1386 2923; baseline -0.005 -29"><span class='ocrx_word' id='word_1_138' title='bbox 405 2829 525 2905; x_wconf 59' lang='lat' dir='ltr'><strong>nostra,</strong></span> <span class='ocrx_word' id='word_1_139' title='bbox 534 2821 696 2896; x_wconf 76' lang='lat' dir='ltr'><strong>sataliam</strong></span> <span class='ocrx_word' id='word_1_140' title='bbox 712 2822 756 2894; x_wconf 89' lang='lat' dir='ltr'><strong>sit</strong></span> <span class='ocrx_word' id='word_1_141' title='bbox 770 2825 1056 2910; x_wconf 56' lang='lat' dir='ltr'><strong>&amp;abortionem</strong></span> <span class='ocrx_word' id='word_1_142' title='bbox 1066 2851 1171 2923; x_wconf 87' lang='lat' dir='ltr'><strong>qnam</strong></span> <span class='ocrx_word' id='word_1_143' title='bbox 1181 2825 1316 2900; x_wconf 79' lang='lat' dir='ltr'><strong>bominis</strong></span> <span class='ocrx_word' id='word_1_144' title='bbox 1328 2837 1386 2890; x_wconf 87' lang='lat' dir='ltr'><strong>nan</strong></span> 
     </span>
     <span class='ocr_line' id='line_1_20' title="bbox 403 2933 1387 3035; baseline -0.007 -22"><span class='ocrx_word' id='word_1_145' title='bbox 403 2957 527 3020; x_wconf 75' lang='lat' dir='ltr'><strong>coram.</strong></span> <span class='ocrx_word' id='word_1_146' title='bbox 543 2961 628 3035; x_wconf 88' lang='lat' dir='ltr'><strong>quse</strong></span> <span class='ocrx_word' id='word_1_147' title='bbox 644 2942 895 3025; x_wconf 76' lang='lat' dir='ltr'><strong>anatomiam,</strong></span> <span class='ocrx_word' id='word_1_148' title='bbox 911 2943 972 3014; x_wconf 86' lang='lat' dir='ltr'><strong>soii</strong></span> <span class='ocrx_word' id='word_1_149' title='bbox 989 2942 1116 3013; x_wconf 88' lang='lat' dir='ltr'><strong>bomini</strong></span> <span class='ocrx_word' id='word_1_150' title='bbox 1135 2945 1244 3017; x_wconf 77' lang='lat' dir='ltr'><strong>damn</strong></span> <span class='ocrx_word' id='word_1_151' title='bbox 1259 2951 1299 3013; x_wconf 84' lang='lat' dir='ltr'><strong>ast</strong></span> <span class='ocrx_word' id='word_1_152' title='bbox 1312 2933 1387 3030; x_wconf 75' lang='lat' dir='ltr'><strong>cqc.</strong></span> 
     </span>
     <span class='ocr_line' id='line_1_21' title="bbox 406 3050 1387 3153; baseline 0.002 -31"><span class='ocrx_word' id='word_1_153' title='bbox 406 3071 482 3122; x_wconf 87' lang='lat' dir='ltr'><strong>ram</strong></span> <span class='ocrx_word' id='word_1_154' title='bbox 498 3053 604 3126; x_wconf 84' lang='lat' dir='ltr'><strong>solum</strong></span> <span class='ocrx_word' id='word_1_155' title='bbox 620 3053 683 3126; x_wconf 87' lang='lat' dir='ltr'><strong>sibi</strong></span> <span class='ocrx_word' id='word_1_156' title='bbox 704 3055 921 3129; x_wconf 64' lang='lat' dir='ltr'><strong>nmmum</strong></span> <span class='ocrx_word' id='word_1_157' title='bbox 943 3056 1014 3130; x_wconf 82' lang='lat' dir='ltr'><strong>init</strong></span> <span class='ocrx_word' id='word_1_158' title='bbox 1032 3057 1104 3130; x_wconf 87' lang='lat' dir='ltr'><strong>Non</strong></span> <span class='ocrx_word' id='word_1_159' title='bbox 1122 3057 1262 3153; x_wconf 80' lang='lat' dir='ltr'><strong>Angelis,</strong></span> <span class='ocrx_word' id='word_1_160' title='bbox 1277 3077 1331 3126; x_wconf 89' lang='lat' dir='ltr'><strong>non</strong></span> <span class='ocrx_word' id='word_1_161' title='bbox 1351 3050 1387 3116; x_wconf 78' lang='lat' dir='ltr'><strong>it·</strong></span> 
     </span>
     <span class='ocr_line' id='line_1_22' title="bbox 405 3167 1385 3266; baseline 0.007 -31"><span class='ocrx_word' id='word_1_162' title='bbox 405 3167 578 3239; x_wconf 72' lang='lat' dir='ltr'><strong>[orionibus</strong></span> <span class='ocrx_word' id='word_1_163' title='bbox 595 3169 793 3243; x_wconf 82' lang='lat' dir='ltr'><strong>animalibus</strong></span> <span class='ocrx_word' id='word_1_164' title='bbox 810 3173 1026 3246; x_wconf 86' lang='lat' dir='ltr'><strong>necessarium</strong></span> <span class='ocrx_word' id='word_1_165' title='bbox 1042 3171 1119 3244; x_wconf 84' lang='lat' dir='ltr'><strong>iuit:</strong></span> <span class='ocrx_word' id='word_1_166' title='bbox 1137 3175 1191 3245; x_wconf 88' lang='lat' dir='ltr'><strong>sed</strong></span> <span class='ocrx_word' id='word_1_167' title='bbox 1210 3171 1385 3266; x_wconf 71' lang='lat' dir='ltr'><strong>nequicquam</strong></span> 
     </span>
     <span class='ocr_line' id='line_1_23' title="bbox 405 3276 1386 3380; baseline 0.003 -32"><span class='ocrx_word' id='word_1_168' title='bbox 405 3276 518 3350; x_wconf 85' lang='lat' dir='ltr'><strong>datam</strong></span> <span class='ocrx_word' id='word_1_169' title='bbox 535 3280 646 3354; x_wconf 82' lang='lat' dir='ltr'><strong>inisset</strong></span> <span class='ocrx_word' id='word_1_170' title='bbox 661 3283 727 3364; x_wconf 69' lang='lat' dir='ltr'><strong>cis:</strong></span> <span class='ocrx_word' id='word_1_171' title='bbox 742 3285 828 3380; x_wconf 84' lang='lat' dir='ltr'><strong>quod</strong></span> <span class='ocrx_word' id='word_1_172' title='bbox 846 3306 964 3378; x_wconf 83' lang='lat' dir='ltr'><strong>nempe</strong></span> <span class='ocrx_word' id='word_1_173' title='bbox 982 3285 1088 3358; x_wconf 86' lang='lat' dir='ltr'><strong>iacere</strong></span> <span class='ocrx_word' id='word_1_174' title='bbox 1113 3291 1236 3361; x_wconf 89' lang='lat' dir='ltr'><strong>Natura</strong></span> <span class='ocrx_word' id='word_1_175' title='bbox 1259 3283 1386 3356; x_wconf 82' lang='lat' dir='ltr'><strong>abbornt·</strong></span> 
     </span>
     <span class='ocr_line' id='line_1_24' title="bbox 405 3389 1386 3497; baseline 0.008 -37"><span class='ocrx_word' id='word_1_176' title='bbox 405 3389 440 3460; x_wconf 83' lang='lat' dir='ltr'><strong>Si</strong></span> <span class='ocrx_word' id='word_1_177' title='bbox 456 3393 578 3464; x_wconf 86' lang='lat' dir='ltr'><strong>etenim</strong></span> <span class='ocrx_word' id='word_1_178' title='bbox 596 3395 826 3490; x_wconf 83' lang='lat' dir='ltr'><strong>prespicaciter</strong></span> <span class='ocrx_word' id='word_1_179' title='bbox 842 3399 1093 3482; x_wconf 81' lang='lat' dir='ltr'><strong>consideramus,</strong></span> <span class='ocrx_word' id='word_1_180' title='bbox 1109 3401 1187 3497; x_wconf 85' lang='lat' dir='ltr'><strong>quid</strong></span> <span class='ocrx_word' id='word_1_181' title='bbox 1215 3421 1283 3470; x_wconf 85' lang='lat' dir='ltr'><strong>rom</strong></span> <span class='ocrx_word' id='word_1_182' title='bbox 1307 3389 1386 3484; x_wconf 63' lang='lat' dir='ltr'><strong>loqui·</strong></span> 
     </span>
     <span class='ocr_line' id='line_1_25' title="bbox 406 3507 1385 3614; baseline -0.001 -40"><span class='ocrx_word' id='word_1_183' title='bbox 406 3526 481 3576; x_wconf 88' lang='lat' dir='ltr'><strong>mur</strong></span> <span class='ocrx_word' id='word_1_184' title='bbox 497 3507 712 3592; x_wconf 82' lang='lat' dir='ltr'><strong>intendamus,</strong></span> <span class='ocrx_word' id='word_1_185' title='bbox 731 3515 932 3608; x_wconf 80' lang='lat' dir='ltr'><strong>patet‚&#39;quod</strong></span> <span class='ocrx_word' id='word_1_186' title='bbox 950 3514 1034 3586; x_wconf 89' lang='lat' dir='ltr'><strong>nibil</strong></span> <span class='ocrx_word' id='word_1_187' title='bbox 1052 3516 1150 3596; x_wconf 81' lang='lat' dir='ltr'><strong>alind,</strong></span> <span class='ocrx_word' id='word_1_188' title='bbox 1173 3537 1267 3614; x_wconf 83' lang='lat' dir='ltr'><strong>qnam</strong></span> <span class='ocrx_word' id='word_1_189' title='bbox 1288 3517 1385 3582; x_wconf 82' lang='lat' dir='ltr'><strong>nostrae</strong></span> 
     </span>
     <span class='ocr_line' id='line_1_26' title="bbox 404 3615 1384 3724; baseline 0.005 -37"><span class='ocrx_word' id='word_1_190' title='bbox 404 3621 525 3724; x_wconf 20' lang='lat' dir='ltr'><strong>&#39;ment&#39;m</strong></span> <span class='ocrx_word' id='word_1_191' title='bbox 540 3624 710 3694; x_wconf 83' lang='lat' dir='ltr'><strong>enucleam</strong></span> <span class='ocrx_word' id='word_1_192' title='bbox 727 3623 801 3695; x_wconf 85' lang='lat' dir='ltr'><strong>aliis</strong></span> <span class='ocrx_word' id='word_1_193' title='bbox 818 3637 1020 3722; x_wconf 84' lang='lat' dir='ltr'><strong>conceptum.</strong></span> <span class='ocrx_word' id='word_1_194' title='bbox 1037 3631 1120 3701; x_wconf 85' lang='lat' dir='ltr'><strong>Cum</strong></span> <span class='ocrx_word' id='word_1_195' title='bbox 1138 3631 1236 3724; x_wconf 78' lang='lat' dir='ltr'><strong>igitar</strong></span> <span class='ocrx_word' id='word_1_196' title='bbox 1244 3621 1343 3718; x_wconf 77' lang='lat' dir='ltr'><strong>angeli</strong></span> <span class='ocrx_word' id='word_1_197' title='bbox 1356 3615 1384 3687; x_wconf 75' lang='lat' dir='ltr'><strong>a!</strong></span> 
     </span>
     <span class='ocr_line' id='line_1_27' title="bbox 407 3731 1385 3835; baseline 0.01 -36"><span class='ocrx_word' id='word_1_198' title='bbox 407 3731 592 3820; x_wconf 55' lang='lat' dir='ltr'><strong>pudendas</strong></span> <span class='ocrx_word' id='word_1_199' title='bbox 608 3735 767 3828; x_wconf 75' lang='lat' dir='ltr'><strong>gloriosas</strong></span> <span class='ocrx_word' id='word_1_200' title='bbox 783 3761 897 3810; x_wconf 88' lang='lat' dir='ltr'><strong>eorum</strong></span> <span class='ocrx_word' id='word_1_201' title='bbox 914 3743 1139 3835; x_wconf 80' lang='lat' dir='ltr'><strong>conceptiones</strong></span> <span class='ocrx_word' id='word_1_202' title='bbox 1158 3745 1288 3814; x_wconf 84' lang='lat' dir='ltr'><strong>babeant</strong></span> <span class='ocrx_word' id='word_1_203' title='bbox 1303 3753 1385 3831; x_wconf 81' lang='lat' dir='ltr'><strong>prom</strong></span> 
     </span>
     <span class='ocr_line' id='line_1_28' title="bbox 406 3842 1384 3943; baseline 0.01 -27"><span class='ocrx_word' id='word_1_204' title='bbox 406 3842 588 3934; x_wconf 74' lang='lat' dir='ltr'><strong>ptissimm</strong></span> <span class='ocrx_word' id='word_1_205' title='bbox 606 3859 702 3943; x_wconf 84' lang='lat' dir='ltr'><strong>atque</strong></span> <span class='ocrx_word' id='word_1_206' title='bbox 713 3850 913 3924; x_wconf 83' lang='lat' dir='ltr'><strong>inetiabitem</strong></span> <span class='ocrx_word' id='word_1_207' title='bbox 924 3854 1150 3930; x_wconf 87' lang='lat' dir='ltr'><strong>sufficientiam</strong></span> <span class='ocrx_word' id='word_1_208' title='bbox 1161 3858 1384 3938; x_wconf 62' lang='lat' dir='ltr'><strong>inultumque</strong></span> 
     </span>
     <span class='ocr_line' id='line_1_29' title="bbox 407 3955 1385 4064; baseline 0.008 -38"><span class='ocrx_word' id='word_1_209' title='bbox 407 3955 461 4026; x_wconf 79' lang='lat' dir='ltr'><strong>tet</strong></span> <span class='ocrx_word' id='word_1_210' title='bbox 476 3957 560 4028; x_wconf 83' lang='lat' dir='ltr'><strong>aiter</strong></span> <span class='ocrx_word' id='word_1_211' title='bbox 576 3959 670 4032; x_wconf 82' lang='lat' dir='ltr'><strong>atteri</strong></span> <span class='ocrx_word' id='word_1_212' title='bbox 687 3965 829 4038; x_wconf 83' lang='lat' dir='ltr'><strong>totaliter</strong></span> <span class='ocrx_word' id='word_1_213' title='bbox 846 3965 1017 4039; x_wconf 83' lang='lat' dir='ltr'><strong>innotescit</strong></span> <span class='ocrx_word' id='word_1_214' title='bbox 1035 3993 1151 4064; x_wconf 86' lang='lat' dir='ltr'><strong>perse,</strong></span> <span class='ocrx_word' id='word_1_215' title='bbox 1168 3973 1217 4044; x_wconf 82' lang='lat' dir='ltr'><strong>sel</strong></span> <span class='ocrx_word' id='word_1_216' title='bbox 1233 3969 1331 4042; x_wconf 72' lang='lat' dir='ltr'><strong>sunm</strong></span> <span class='ocrx_word' id='word_1_217' title='bbox 1344 3975 1385 4050; x_wconf 70' lang='lat' dir='ltr'><strong>ptr</strong></span> 
     </span>
    </p>
   </div>
   <div class='ocr_carea' id='block_1_6' title="bbox 0 0 1450 4978">
    <p class='ocr_par' dir='ltr' id='par_1_7' title="bbox 0 0 1450 4978">
     <span class='ocr_line' id='line_1_30' title="bbox 0 0 1450 4978; baseline 0 2"><span class='ocrx_word' id='word_1_218' title='bbox 0 0 1450 4978; x_wconf 95' lang='lat' dir='ltr'><strong> </strong></span> 
     </span>
    </p>
   </div>
  </div>
 </body>
</html>
