2968 4986
496 407 567 479 rit
820 419 979 476 moror

390 546 435 616 Iti
454 567 520 616 uon
537 543 696 616 erubuere
713 539 803 614 cuvio
819 541 971 614 lrulriture
986 535 1047 614 tub
1065 543 1178 616 uutrist

392 658 496 732 Tauris
511 658 680 731 Achilleus
697 659 769 751 (llll
788 655 922 740 Chiron,
940 667 973 726 et
989 667 1101 750 pastor
1118 659 1251 754 Apollo.

390 775 506 868 llopse
524 773 607 866 (50),
623 772 702 868 quid
718 795 754 844 er
770 771 1007 874 dememlquiu
1023 792 1091 842 uon
1109 773 1277 868 permittet
1293 775 1394 850 tolus
1408 779 1467 872 (5ยน

390 890 505 959 Comiu
521 899 554 960 et
569 889 725 969 urbanus,
741 887 822 957 dum
838 896 914 958 urut
928 896 985 958 tuu
1002 889 1124 960 rustica
1139 891 1237 976 dona,

390 1004 497 1099 lisque
513 1003 734 1074 tabernaculis
749 1023 817 1073 uon
835 1013 883 1073 ert
900 1003 1000 1072 modo
1016 1003 1116 1074 turim
1133 1015 1277 1089 rutrum,

391 1118 476 1204 Quis
494 1118 566 1212 (52)
584 1117 692 1212 potius
708 1117 808 1188 ludat
825 1117 888 1189 Sed
906 1125 939 1186 te
955 1116 1029 1212 quis
1045 1117 1165 1188 mentio
1182 1119 1339 1192 anhelum

392 1233 503 1304 Ardor
519 1233 600 1326 ugit
613 1231 670 1304 vel
686 1255 771 1326 quoe
788 1230 926 1324 pedibus
942 1253 1031 1303 nova
1047 1239 1127 1302 natu
1143 1233 1290 1328 eupidot

393 1346 535 1418 Miratur
552 1369 690 1441 puerum
710 1348 781 1439 (53)
799 1347 906 1438 virgo,
924 1367 1005 1439 puer
1022 1346 1091 1441 ispe
1107 1343 1287 1418 volucrem.

293 1513 295 1520 x
392 1463 437 1531 Et
452 1461 596 1533 volueris
611 1460 721 1544 sulvus,
738 1471 771 1531 et
786 1460 889 1532 sivae
906 1459 1046 1532 lluminu
1062 1481 1177 1541 rernm,

393 1575 517 1670 Tityre,
534 1585 566 1646 te
583 1575 723 1670 Mopsus:
740 1574 874 1644 miratio
891 1573 1000 1667 giguit
1017 1595 1177 1644 umorem.

393 1689 444 1758 Ne
462 1687 535 1784 (54)
552 1699 737 1767 contemne,
752 1687 844 1760 sitim
861 1687 1007 1786 Phrygio
1022 1689 1159 1762 Musoue
1173 1689 1251 1784 (55)
1267 1687 1406 1766 levabor

254 1815 257 1822 '
384 1800 528 1872 'scilieet
546 1801 609 1872 lroe
627 1803 741 1886 uestis,
758 1803 863 1876 liuvio
879 1815 1011 1900 potator
1027 1805 1120 1878 ovito
1135 1805 1221 1901 (55)

393 1916 482 2002 Quid
500 1929 611 1988 tumen
630 1916 756 1989 intereo
773 1918 881 2011 mugit
896 1941 973 1990 meu
990 1919 1111 1992 buurlu
1127 1919 1279 1992 circum?

392 2033 666 2117 Quadrissuumue
682 2043 800 2127 gravat
817 2034 908 2104 coxis
923 2034 1135 2107 humentibm
1151 2035 1259 2108 ulter?

375 2141 451 2218 'Sie
468 2171 552 2220 reor.
569 2173 609 2220 en
627 2173 769 2245 propero
784 2147 898 2222 uitulus
914 2150 1053 2245 implere
1070 2173 1206 2246 eupueeo

396 2265 495 2335 Lo'ete
512 2288 599 2336 novo
617 2267 700 2359 (57),
716 2287 783 2360 quo
797 2265 880 2337 cluru
895 2275 1018 2361 queant
1033 2267 1223 2337 mollescere
1239 2274 1357 2338 orurto.

397 2379 448 2450 Ad
468 2380 639 2451 mulctrale
654 2381 742 2462 veni,
757 2380 786 2450 si
804 2381 875 2474 (58)
894 2391 941 2452 tot
959 2381 1189 2454 mundabimus
1206 2379 1256 2452 illi

399 2495 554 2578 vaseula,
569 2506 649 2591 quot
666 2495 763 2566 uobis
780 2497 931 2590 promisit
949 2498 1021 2592 (59)
1041 2497 1172 2592 Tityrus
1189 2497 1268 2590 ipse:

398 2609 461 2684 Sed
477 2609 532 2681 lue
549 2611 671 2705 portori
687 2611 755 2682 loro
769 2621 818 2682 est
834 2612 992 2683 muudum
1001 2611 1179 2706 superbum
1197 2611 1281 2702 (60).

399 2724 488 2796 Dum
505 2724 632 2822 loquor,
645 2749 690 2798 eu
707 2726 854 2810 oomiter,
871 2735 905 2797 et
916 2726 969 2798 ool
985 2727 1026 2798 de
1044 2735 1156 2798 moute
1171 2725 1302 2800 rotabat
1319 2721 1405 2815 (61).
