2914 4982
459 432 462 440 “
491 437 564 506 592
764 452 809 510 nn
833 449 1034 508 uonnncnn

315 639 318 648 A
387 563 633 638 inundamontum
646 559 732 657 juris
748 561 785 632 in
801 561 934 636 rebusa
957 571 1075 632 natur-a
1100 562 1253 654 positum.
1271 563 1322 636 Ex
1340 587 1400 660 qno

384 675 539 773 sequitur,
555 679 641 774 qcrod
657 675 739 748 ordo
757 676 917 752 naturalis
934 676 970 748 in
987 677 1083 753 rebus
1100 677 1221 770 absque
1241 678 1319 771 jure
1339 703 1397 750 ner·

388 795 461 865 uari
479 815 546 864 uon
563 793 672 887 possit,
689 815 765 866 curn
781 792 1047 886 inseparabiliter
1059 789 1144 886 juris
1161 789 1398 864 fundamu-

387 906 495 978 onlini
511 907 554 978 nit
580 929 755 981 annexum.
780 907 916 978 Necesse
941 916 989 978 est
1015 905 1126 999 igitur,
1142 907 1231 1000 quod
1257 907 1399 1002 quicquid

385 1031 505 1094 natura
520 1021 695 1102 ordinavit,
711 1022 752 1100 de
764 1020 840 1114 iure
863 1021 988 1093 servan
1013 1021 1140 1102 debent
1158 1021 1329 1093 Romnnm
1350 1045 1398 1114 po-

387 1134 484 1230 pulus
500 1136 544 1206 ad
563 1133 794 1227 imperandum
812 1134 979 1208 ordinatus
996 1135 1060 1206 ruit
1076 1159 1096 1206 n
1114 1147 1250 1216 naturaz
1267 1137 1349 1231 quod
1361 1135 1400 1206 sie

384 1247 574 1325 declaratur.
592 1251 682 1334 Sicut
696 1249 754 1323 ille
770 1231 925 1322 defioerd
940 1249 984 1322 ab
1022 1249 1100 1321 artie
1127 1249 1334 1343 perfectione,
1354 1251 1398 1344 qui

386 1362 520 1434 finalem
539 1365 681 1438 sormam
698 1375 830 1436 tanturn
841 1365 1031 1444 intenderet.
1042 1365 1242 1438 mediaveno
1259 1389 1395 1462 perqnae

388 1478 429 1548 nd
447 1479 589 1550 sormam
615 1479 822 1574 pertingeret,
840 1499 905 1548 non
923 1480 1133 1550 catanensis
1156 1489 1286 1558 namra.
1309 1479 1336 1550 si
1356 1501 1400 1548 so·

388 1589 458 1662 lam
475 1591 618 1664 sormam
635 1593 855 1664 anniversalem
872 1591 1004 1678 divinae
1026 1593 1256 1666 similitudinis
1281 1593 1315 1664 in
1338 1594 1399 1662 nni-

388 1727 481 1781 verso
497 1707 689 1789 intenderet,
707 1707 816 1778 medin
839 1717 949 1780 antam
966 1706 1155 1800 negligeret
1165 1707 1231 1780 Sed
1248 1705 1398 1780 namin

389 1821 479 1897 nulla
496 1821 693 1915 perfectione
710 1820 828 1904 deficit,
855 1843 931 1894 orm
956 1821 1001 1890 sit
1026 1843 1108 1914 opus
1132 1818 1272 1894 divinae
1294 1820 1397 1892 inteli-

388 1933 538 2028 gentiam
553 1957 632 2028 ergo
652 1933 764 2005 medin
780 1932 897 2006 omnia
913 1933 1062 2016 intendit,
1079 1957 1138 2028 per
1162 1957 1251 2028 quaa
1273 1933 1309 2006 ed
1329 1929 1395 2004 nlti-

390 2069 483 2130 muun
499 2045 977 2128 suaeintentionisdeveuitur.
987 2047 1073 2118 Cum
1089 2067 1170 2142 ergo
1185 2047 1266 2121 finis
1278 2041 1395 2118 tnnnni

389 2161 517 2254 generis
534 2161 585 2242 sit,
596 2159 729 2254 aliquod
748 2159 894 2236 medium
912 2159 1131 2235 neceesarium
1147 2162 1189 2234 nd
1206 2161 1305 2234 rnen
1319 2169 1398 2230 natu·

390 2297 446 2346 rae
464 2273 700 2347 universalem:
716 2297 845 2352 neceue
861 2282 919 2358 eet,
937 2284 1092 2349 naturam
1114 2273 1225 2367 ipsun
1238 2273 1401 2346 intendere

391 2389 527 2482 Propter
541 2389 629 2484 quod
647 2387 731 2465 bene
748 2385 975 2482 Philosophus,
992 2397 1145 2461 natrnrnrn
1162 2411 1293 2481 semper
1318 2405 1401 2480 agere

392 2513 523 2597 propter
541 2503 651 2593 linem,
670 2502 704 2574 in
721 2502 863 2585 mundo
879 2501 920 2575 de
936 2501 1078 2575 naturali
1096 2501 1212 2576 eruditu
1229 2501 1345 2596 probat
1361 2501 1399 2568 Et

392 2615 471 2712 qnia
496 2619 537 2688 nd
562 2618 648 2693 hunc
673 2618 917 2702 iincrnfnatura
942 2617 1128 2712 pertingere
1154 2641 1220 2688 non
1236 2627 1332 2710 poten
1345 2636 1400 2708 per

236 2770 239 2786 ·
390 2747 494 2802 unum
511 2731 692 2814 hominem,
710 2714 785 2802 curn
803 2732 925 2804 multae
951 2731 1016 2802 siut
1041 2731 1245 2826 operationes
1268 2751 1402 2811 aar&

391 2843 460 2916 riae
477 2845 518 2917 ad
536 2843 654 2938 ipsum,
670 2867 754 2938 quae
771 2844 1018 2918 multitudinem
1035 2845 1206 2939 requimnt
1223 2845 1259 2916 in
1270 2865 1398 2938 operan-

391 2957 493 3032 tibus:
504 2981 632 3030 neeesee
649 2969 696 3030 est
712 2967 866 3044 namnam
883 2961 1059 3052 producere
1076 2959 1255 3034 hominurn
1271 2959 1401 3032 unliu-

391 3068 511 3153 dinem,
529 3069 570 3142 ad
595 3071 800 3164 operationes
824 3071 1060 3146 ordinatorum.
1084 3073 1137 3146 rid
1162 3077 1252 3170 quod
1277 3073 1398 3144 mnan

391 3185 572 3265 conferunt,
590 3195 718 3278 praeter
734 3186 939 3280 superiorem
957 3186 1178 3270 influentiam.
1193 3189 1338 3262 iocorum
1359 3187 1401 3254 in·

391 3298 550 3384 {ociorum
566 3307 599 3368 et
616 3297 751 3370 virtutes
767 3311 800 3370 et
816 3300 1042 3396 proprietates.
1060 3307 1199 3397 Propter
1215 3305 1303 3400 qud
1325 3300 1400 3372 side·

319 3491 331 3502 ,
392 3437 475 3498 mnu,
491 3415 580 3512 quod
596 3413 731 3510 anida'rn
749 3435 817 3486 non
833 3415 941 3488 solnm
956 3415 1139 3512 stagnus
1163 3419 1322 3498 lomim
1334 3411 1400 3507 quin

391 3527 492 3600 etiam
510 3527 635 3624 populi,
652 3528 722 3627 apti
738 3529 901 3617 nntisunt
926 3531 967 3604 ad
995 3531 1191 3625 principari,
1216 3533 1346 3626 anidnn
1367 3523 1398 3594 ti

391 3639 510 3734 subjici
536 3652 633 3740 atque
659 3642 864 3733 ministrare:
892 3656 927 3718 ut
951 3645 1168 3740 Philosophus
1194 3647 1309 3720 astmit
1322 3639 1398 3714 iniis

392 3777 477 3852 quac
494 3755 534 3847 de
554 3755 698 3839 Politiie;
716 3766 749 3831 et
766 3757 904 3842 minu,
919 3769 956 3832 ut
973 3759 1044 3855 ipae
1059 3759 1149 3840 dicit,
1159 3783 1228 3832 non
1244 3762 1344 3834 solun
1357 3775 1396 3822 n·

393 3867 428 3963 gi
445 3879 493 3940 est
507 3870 690 3966 expediens,
706 3873 762 3946 scd
779 3883 811 3946 et
823 3873 960 3968 jutum,
970 3874 1100 3948 etiamsi
1117 3875 1158 3948 ad
1175 3875 1242 3950 hoe
1253 3881 1393 3968 negt&-

391 3983 527 4072 Quaeri
545 3983 591 4060 ita
605 4009 640 4060 sc
656 3987 794 4076 habent.
806 4011 874 4062 non
890 3989 1029 4064 dulium
1045 4001 1104 4076 ut,
1120 3988 1203 4088 quin
1227 3999 1339 4064 mun
1354 3981 1395 4050 lt·
