2964 4984
447 347 450 356 ‘
520 359 590 426 roo
751 314 760 329 ’
847 377 1001 428 meones

409 483 658 580 contempletur
674 503 777 558 ovuns
793 481 978 566 bominum,
995 482 1214 579 sirpemmque
1239 487 1388 560 laborest

279 647 282 660 ·
409 603 488 673 lnde
506 623 564 696 per
582 601 712 674 inlletos
729 600 873 709 calamos
891 601 963 694 (ld)
982 599 1112 670 interne
1131 599 1269 672 recludit

405 717 540 799 Gaudia,
557 717 604 788 sie
620 725 656 788 ut
669 700 765 788 dulce
782 715 891 792 melos,
903 715 975 810 (15)
994 707 1145 786 ermente
1162 726 1356 810 sequautur,

290 903 292 908 .
406 831 592 926 Pleoatique
607 839 705 902 ment
722 829 848 928 eampis
864 829 905 900 de
922 837 1035 923 monte
1052 828 1173 912 leones,

408 949 452 1017 Et
468 947 608 1018 refluant
624 945 741 1024 undae,
758 931 889 1014 bonose
906 946 939 1012 et
956 939 1118 1013 Maenala¹
1130 942 1202 1036 (16)
1222 953 1348 1016 nutent

407 1060 529 1153 Tityre,
547 1069 634 1141 tunc,
651 1054 680 1127 si
697 1058 839 1151 Mopsus,
857 1055 914 1137 sit,
932 1056 1085 1128 decantat
1103 1056 1138 1126 in
1156 1055 1268 1128 herbis

405 1173 538 1268 Ignotis
556 1173 670 1267 ignote
686 1183 798 1244 temen
813 1196 872 1244 sue
889 1171 1039 1242 carmine
1057 1171 1189 1265 pomim

406 1289 452 1360 Te
469 1296 681 1368 monstrante,
698 1282 782 1356 mois
799 1285 928 1379 regulis
944 1284 1129 1380 prodisoere
1141 1286 1265 1380 *eupris

316 1437 322 1452 ·
407 1401 491 1474 Heie
507 1422 571 1494 ego
586 1400 666 1496 quid
683 1410 844 1494 potorum,
860 1421 963 1493 quum
980 1400 1028 1470 eie
1045 1398 1181 1470 instaret
1191 1399 1361 1474 eubolus?

407 1514 575 1588 Montibus
591 1512 709 1586 Aoniis
725 1515 799 1610 (17)
818 1513 960 1607 Mopsus,
978 1513 1152 1594 Meliboee,
1168 1517 1357 1608 quotannis,

404 1632 493 1700 Dum
509 1639 664 1724 satagunt
680 1627 740 1700 alii
758 1627 829 1722 (18)
847 1649 1022 1700 censorum
1036 1629 1114 1723 jure
1129 1629 1253 1714 domui,

376 1721 381 1739 '
402 1746 445 1815 se
461 1742 560 1821 rnre,
577 1753 610 1814 e
626 1741 711 1814 sace
727 1741 875 1814 nenses
891 1741 1215 1837 perpaululum

402 1856 553 1930 Vetificie
571 1857 643 1952 (19)
662 1858 809 1952 prolutus
825 1857 930 1953 equis,
948 1865 981 1927 et
997 1857 1083 1928 laete
1101 1859 1225 1928 111111

403 1970 540 2041 Viscera
557 1969 970 2065 plenelerens,etplen1u
987 1971 1130 2066 adusque
1147 1971 1307 2064 patetne

401 2084 455 2152 Me
472 2093 568 2154 vocat
586 2085 627 2155 ed
645 2085 776 2155 frondes
792 2107 887 2156 reme
903 2085 1044 2157 Peneide
1061 2085 1136 2178 (20)
1154 2095 1269 2158 cretos

402 2197 489 2284 Ouid
507 2199 628 2270 iacies?
646 2200 828 2272 Meliboeus
845 2199 903 2281 eit
919 2211 957 2271 tn
973 2207 1129 2294 tempora
1145 2199 1239 2272 lauro

401 2316 538 2406 Semper
555 2313 708 2385 inornate
726 2314 798 2406 (21)
816 2335 875 2408 per
891 2335 1011 2408 perone
1029 2321 1139 2407 postor
1155 2309 1314 2386 babebis?

399 2427 430 2494 Ο
448 2426 619 2510 Meliboee,
636 2427 733 2498 decue
750 2437 864 2498 votnm
883 2425 955 2521 (22)
972 2449 1102 2522 quoque
1118 2447 1241 2498 nomen
1259 2425 1296 2500 in
1313 2454 1422 2506 auras

400 2539 522 2622 Fluxit,
539 2550 572 2610 et
590 2541 776 2612 insomnem
796 2541 868 2634 (23)
887 2541 945 2612 rix
962 2541 1115 2636 Mopsum
1133 2564 1227 2614 muse
1246 2546 1391 2641 peregit

399 2655 597 2739 Retuleram,
614 2677 717 2750 quum
734 2655 781 2725 sie
798 2655 888 2726 dedit
905 2655 1091 2750 indignatio
1106 2677 1235 2728 meum:
1351 2678 1359 2713 ι

397 2773 546 2854 Quantos
563 2770 692 2844 beletus
709 2771 810 2842 colles
827 2771 950 2865 (24)11
967 2782 1063 2864 prate
1078 2770 1252 2854 mustum,
1356 2831 1363 2842 .

400 2883 433 2954 Si
453 2885 617 2957 viridante
633 2907 730 2958 ooms
749 2886 823 2981 (25)
840 2884 959 2956 fidibus
977 2907 1104 2978 paeane
1121 2883 1235 2956 oiebot

399 3002 460 3070 Sed
480 3002 616 3102 timeam
636 3005 707 3095 (26)
726 3004 834 3086 saltus,
852 3012 884 3072 et
902 3023 979 3074 rure
997 3002 1116 3096 ignare
1134 3003 1207 3096 (27)
1224 3003 1373 3078 deorum
