2914 4982
495 386 573 455 56⁰·
769 401 814 454 na
835 397 1039 454 aoraacma·

391 511 515 583 tectae
532 511 618 582 Nam
634 508 738 582 virtue
754 507 902 588 vaticina,
921 508 1068 601 potentia
1090 509 1255 603 quaedam
1282 519 1340 582 eet:
1350 509 1407 584 aed

393 623 515 717 rpaeiea
531 623 609 692 bon'i
627 621 834 717 apprehensi,
852 623 961 694 torma
985 631 1033 694 eat
1058 623 1137 718 eju.
1161 627 1257 711 Quae
1284 628 1405 720 quidem

392 737 507 820 forma,
523 737 801 832 quemadmodum
818 745 851 806 et
867 733 964 818 oliae,
979 757 1047 808 uua
1062 737 1098 808 in
1115 761 1149 808 ae
1166 735 1405 831 multiplicatur,

390 853 565 924 necandum
583 851 890 946 multiplicationem
907 850 1067 924 materiae
1082 850 1283 944 recipientia,
1293 863 1329 924 nt
1344 853 1407 924 ani-

391 989 447 1040 ma
471 977 505 1039 et
530 989 693 1046 numeria,
709 976 742 1037 et
767 968 853 1041 aliae
879 969 1004 1038 immae
1029 967 1262 1061 compositioni
1292 969 1405 1038 eontin-

389 1091 509 1177 genten
520 1081 564 1152 lia
581 1081 773 1176 praemissio,
785 1092 919 1175 propter
933 1081 1188 1152 declarationem
1205 1085 1407 1154 mentae

391 1194 622 1291 propositionis
638 1198 678 1268 ad
706 1196 920 1290 propositum,
936 1196 984 1264 stc
1009 1207 1177 1289 arguatur.
1192 1197 1319 1268 Omnia
1340 1221 1407 1268 coa·

390 1311 502 1384 cordia
527 1311 686 1405 dependet
709 1313 752 1383 ali
779 1310 914 1392 unitate,
939 1333 1024 1404 quae
1049 1321 1097 1382 eat
1121 1309 1155 1380 in
1182 1311 1403 1383 volunutitu

391 1427 498 1498 Genu
522 1423 705 1496 humanum
731 1425 856 1520 optime
881 1447 915 1494 ae
939 1421 1063 1494 habena
1079 1435 1127 1496 eat
1150 1425 1319 1518 quaedam
1342 1447 1406 1494 eon-

391 1542 609 1614 oordratnam
625 1541 708 1612 aicnt
716 1563 801 1614 unua
817 1538 1052 1633 homooptime
1069 1563 1103 1611 ee
1120 1539 1255 1622 Ιιὼιιι,
1267 1551 1303 1612 et
1316 1563 1405 1634 quan·

391 1666 463 1728 mm
482 1657 524 1727 acl
541 1656 700 1738 animam,
716 1668 749 1727 et
772 1665 934 1750 quantum
960 1654 1001 1725 ad
1025 1675 1153 1748 corpur,
1170 1665 1218 1726 eat
1243 1653 1404 1726 concordia

391 1771 568 1867 quaedam:
584 1779 617 1840 et
633 1770 785 1840 similiter
801 1769 929 1851 domm,
945 1767 1072 1850 civitae,
1087 1777 1121 1840 et
1137 1767 1349 1862 regnumrsic
1363 1779 1405 1838 to-

391 1896 462 1956 taam
479 1907 582 1978 geum
597 1883 789 1956 humanum.
806 1885 896 1976 Ergo
913 1905 1015 1975 genus
1030 1881 1216 1953 humanum
1241 1883 1358 1976 optime
1371 1903 1404 1952 aa

393 1995 517 2068 habena
533 1996 578 2066 alr
595 1997 718 2068 unitate
735 2019 821 2091 quae
836 1997 927 2066 estin
938 1994 1164 2068 voluntatibus
1172 1995 1399 2089 dependetSed

392 2107 457 2178 lroe
473 2129 541 2178 esee
559 2131 624 2178 non
644 2117 757 2202 puteat,
775 2109 837 2180 niai
855 2109 898 2179 sit
914 2111 1065 2182 roluntaa
1083 2111 1305 2190 academiae
1319 2121 1404 2180 atre·

392 2219 536 2312 qadatrix
550 2222 701 2292 omnium
719 2223 862 2294 aliarum
878 2222 915 2292 in
931 2245 1051 2295 annm:
1061 2245 1138 2294 cum
1148 2223 1338 2295 mortalium
1353 2245 1405 2294 ro-

392 2333 532 2406 lunutes
548 2345 681 2428 propter
696 2334 834 2408 blandae
850 2336 1085 2408 adoleaoentiae
1109 2336 1338 2408 delectationes
1360 2337 1406 2406 ia-

392 2446 527 2540 digeant
542 2448 711 2533 directivo,
722 2461 758 2522 ut
771 2451 809 2521 in
827 2449 952 2522 ultimis
968 2451 1062 2524 docet
1071 2449 1284 2546 Phssoaoplnn
1299 2453 1338 2522 acl
1348 2451 1407 2524 Ni·

393 2561 598 2634 oomaclrum.
614 2563 682 2634 Noc
698 2587 764 2636 nna
789 2564 851 2634 ieta
875 2573 980 2657 potest
1004 2587 1081 2650 eme,
1107 2565 1170 2636 niai
1194 2565 1234 2636 ait
1257 2565 1405 2658 Princeps

394 2695 480 2746 unm
491 2673 650 2756 omnium,
667 2675 759 2770 eujus
776 2675 926 2748 conatu
942 2677 1078 2750 domina
1094 2677 1311 2774 etreqalatrix
1326 2679 1406 2750 alia-

393 2811 470 2860 rum
485 2789 636 2862 omnium
653 2813 721 2860 eece
737 2790 845 2882 poaeit.
860 2791 1003 2880 ¹Quodsi
1028 2813 1146 2864 omuea
1168 2793 1406 2886 oomeqnendaa

392 2903 575 2996 mperiorea
590 2927 688 2976 verae
704 2913 788 2989 arnt,
803 2907 892 3000 quod
908 2918 998 2988 nanu
1015 2928 1143 2978 naneae
1158 2919 1217 2989 aet,
1234 2907 1275 2978 ad
1292 2907 1406 3000 optime

393 3038 428 3086 se
451 3016 574 3088 habere
591 3015 774 3088 humanum
789 3041 902 3114 mm,
911 3018 1126 3090 marham
1142 3041 1211 3090 ese
1227 3021 1263 3090 in
1280 3019 1406 3090 mundo:

393 3141 426 3200 et
443 3153 502 3224 pec
517 3152 725 3224 ooneequena
743 3131 971 3204 Monarchiam
987 3136 1030 3206 ad
1047 3133 1131 3206 heae
1146 3157 1214 3206 aare
1234 3135 1352 3208 muudi.

470 3242 666 3318 Rationibm
676 3246 1069 3341 omnibaanprapoaitia,
1079 3247 1283 3342 experientia
1293 3271 1404 3320 memo·

393 3356 509 3430 rabilie
524 3365 709 3438 attentatum
719 3369 821 3432 nanu
835 3360 987 3432 videlieet
1004 3361 1093 3434 illiue
1110 3363 1402 3456 mortaliumqoem

393 3471 457 3542 Dei
467 3471 571 3546 Filias
587 3471 623 3542 in
638 3473 777 3546 salutem
793 3473 938 3546 hominis
952 3475 1123 3550 bomimm
1133 3472 1402 3570 assumptcmnvel

393 3587 586 3678 expectavit.
596 3588 650 3659 vel
666 3609 743 3660 cnm
759 3589 865 3662 voluit
880 3590 949 3683 ipae
964 3590 1134 3686 diepoeuit.
1143 3593 1230 3665 Nam
1239 3591 1266 3662 ai
1286 3591 1401 3680 alapa

393 3695 576 3790 pulmonum
593 3711 776 3792 menum,
793 3704 879 3796 quod
896 3703 1130 3777 diverticulum
1148 3704 1211 3776 luit
1235 3705 1333 3776 totitas
1354 3723 1403 3770 ao

393 3817 478 3885 atrae
494 3809 699 3897 deviationis,
714 3814 941 3910 dirpoaitiouee
959 3817 1132 3890 huminum
1150 3829 1182 3890 et
1198 3829 1344 3912 tempora
1358 3835 1401 3882 re-

392 3924 556 4010 colammn
572 3949 639 4000 non
656 3931 869 4020 muniemus,
886 3931 951 4006 nisi
975 3933 1037 4008 auli
1061 3933 1141 4012 divo
1167 3935 1313 4030 Augusto
1338 3929 1400 4002 ve
