2978 4984
489 385 560 460 nti
763 401 807 458 nn
832 397 1034 456 nontnemn

387 520 621 615 propterquod
641 524 793 611 petentur
810 515 845 584 in
862 517 984 586 iormn:
1001 521 1033 584 et
1049 511 1096 582 eet
1113 508 1230 584 similit
1245 521 1392 603 prom

386 623 479 708 huic:
497 635 527 704 Α
544 630 709 728 praeeedit
725 632 761 710 B,
779 629 814 698 in
831 629 873 710 C3
890 631 921 700 D
938 636 970 698 et
988 629 1017 697 E
1034 649 1068 696 ee
1083 625 1208 696 hubent
1223 629 1259 694 ut
1274 625 1301 694 A
1314 631 1341 693 et
1352 625 1389 692 ii:

387 767 467 846 ergo
484 752 515 822 D
532 744 744 843 praeceditE
761 744 797 813 in
815 743 984 814 Fthero
1000 751 1033 811 et
1049 743 1074 810 C
1092 741 1222 812 diverse
1237 737 1391 810 euntEtei

264 931 273 950 ,
336 918 338 932 .
386 857 529 936 iaoerent
546 860 736 932 instantium
752 857 905 938 dieentes,
922 857 1008 953 quod
1027 857 1053 926 F
1070 855 1214 948 seqnitur
1230 855 1271 926 nd
1295 851 1393 930 (Line

388 982 436 1047 ont
454 975 630 1048 auctoritas
641 974 682 1044 nd
694 965 913 1050 nativitatem.
924 980 957 1042 et
973 985 1034 1066 pro
1050 970 1260 1042 antecedente
1270 966 1394 1038 bennin-

390 1093 493 1162 iertm·
508 1103 714 1182 consequens,
732 1097 768 1156 ut
785 1085 910 1158 unimui
920 1104 981 1179 pro
999 1084 1150 1165 hominm
1159 1085 1235 1154 dieo
1249 1083 1331 1179 qnod
1342 1081 1392 1152 iri-

389 1220 463 1276 num
480 1214 538 1274 eet
554 1195 651 1274 Multi
669 1201 761 1272 enim
779 1211 852 1272 suut
877 1201 1021 1295 majores
1035 1211 1126 1282 netu,
1142 1199 1200 1293 qni
1217 1221 1284 1269 non
1307 1197 1391 1268 eninm

390 1318 425 1386 in
441 1317 635 1388 auctoritate
651 1335 717 1384 non
735 1315 1007 1408 praeceduntsed
1023 1314 1127 1384 etiem
1139 1315 1392 1406 praeceduntur

389 1425 588 1502 minoribus:
605 1438 642 1500 ut
659 1427 756 1522 patet.
773 1427 830 1498 uhi
859 1427 1014 1521 Epieuopi
1030 1433 1105 1498 eunt
1121 1427 1339 1520 temporaliter
1347 1425 1394 1518 jn·

392 1543 509 1626 nioren,
525 1543 627 1638 q'unm
644 1541 697 1612 eni
714 1541 1003 1636 nruhiprenbyteri.
1020 1545 1062 1612 Et
1079 1541 1126 1612 nio
1144 1540 1296 1614 meeum
1319 1538 1395 1610 ride·

389 1667 443 1732 tur
460 1677 570 1730 errore
585 1653 761 1728 secundnm
780 1677 845 1726 nou
861 1655 1022 1742 ‘moneam
1038 1669 1075 1728 ut
1091 1679 1215 1730 musra

468 2113 518 2192 Ite
534 2110 629 2193 litero
646 2136 725 2195 vero
743 2109 843 2215 primi
862 2116 939 2194 libri
965 2125 1093 2216 lingum
1118 2129 1289 2193 assumunt
1311 2111 1394 2188 εῐὶιιιι

391 2237 591 2308 creationem
607 2247 639 2307 et
656 2237 892 2329 depositionem
910 2237 1030 2310 seule:
1047 2247 1080 2307 et
1095 2236 1219 2317 dieunt,
1235 2235 1319 2330 qnod
1334 2224 1398 2304 Seni

393 2372 452 2422 rex
469 2343 705 2422 inthronizatus
721 2351 784 2422 init
800 2362 833 2422 et
849 2353 891 2422 de
900 2349 1020 2422 throno
1028 2351 1204 2445 depositus,
1213 2371 1274 2444 per
1282 2355 1398 2422 Senne-

388 2456 466 2548 iem,
482 2467 540 2562 (pri
557 2465 630 2538 vioe
647 2465 709 2540 Dei
728 2457 768 2537 de
786 2477 963 2561 praecepto
980 2465 1190 2560 iungebantur,
1206 2477 1243 2536 ut
1260 2466 1295 2534 in
1317 2463 1398 2534 lieu

282 2661 290 2686 .
392 2593 490 2676 petet
507 2579 550 2652 Et
567 2599 608 2652 'ex
624 2576 686 2650 hoo
703 2593 855 2674 ungerunt,
871 2583 956 2676 quod
973 2580 1274 2676 quaemadmodum
1289 2570 1395 2648 otene

392 2691 536 2775 vinnom
553 2689 783 2766 anctoritatem
801 2689 917 2764 hebuit
933 2695 1033 2766 dnndi
1050 2706 1084 2766 et
1108 2693 1245 2764 tollendi
1271 2689 1397 2784 regimen

391 2798 581 2902 temporale,
599 2819 631 2880 et
648 2809 682 2878 in
701 2808 803 2880 olium
821 2806 1054 2880 transferendi:
1071 2803 1118 2877 sio
1133 2818 1166 2878 et
1183 2829 1273 2877 nune
1287 2799 1399 2877 1)ιὶιὶ-

393 2921 509 3002 winus,
521 2921 686 2992 Ecclesiae
703 2921 897 2992 universalis
915 2922 1056 3004 antistes,
1073 2921 1305 2992 anctoritatem
1318 2917 1400 2990 bnhrt

388 3033 489 3103 dandi
505 3043 538 3102 et
553 3033 704 3115 tollendi,
720 3043 753 3104 et
770 3032 873 3104 etiam
900 3033 1115 3106 transterendi
1142 3045 1308 3128 sceptrum
1331 3029 1400 3124 regi·

391 3145 492 3218 minis
508 3150 709 3242 temporalis.
727 3152 779 3220 Ex
802 3172 869 3244 quo
894 3148 965 3220 siue
991 3150 1093 3222 dubio
1117 3161 1316 3244 sequeretur,
1330 3141 1400 3244 qnod

391 3263 567 3334 auotoritas
584 3264 722 3358 Imperii
742 3265 947 3358 dependeret,
965 3273 1002 3334 nt
1017 3265 1139 3338 dieunt
1157 3266 1200 3335 Et
1217 3266 1259 3334 nd
1285 3263 1344 3334 bon
1362 3257 1401 3328 ὦ·

393 3377 545 3458 cendum,
562 3395 623 3472 per
640 3375 930 3472 interemptionem
946 3378 1016 3472 ejus
1031 3379 1118 3472 q'uod
1144 3375 1268 3458 diurni,
1286 3381 1400 3450 Semon-

389 3493 457 3566 iem
473 3494 535 3564 Dei
553 3495 735 3574 vicarium
752 3493 829 3590 quin
848 3517 915 3564 non
933 3505 969 3564 ut
985 3493 1138 3572 vicerim.
1155 3493 1211 3564 red
1236 3507 1274 3564 ut
1297 3493 1400 3584 mpetu

387 3607 538 3699 specialis
554 3609 595 3679 nd
612 3607 685 3690 boo,
701 3608 770 3678 sive
787 3607 934 3688 nuncium,
952 3617 1084 3702 portum
1101 3607 1294 3679 mmdntum
1303 3601 1400 3676 Donni·

396 3718 645 3814 ni'expreennm,
661 3721 726 3792 hoo
742 3722 828 3794 iecit
845 3724 940 3809 Quod
958 3732 1057 3816 petet,
1072 3721 1151 3816 qnin
1167 3721 1400 3816 quiquidiient

392 3833 493 3916 dixit,
510 3834 572 3906 hoo
597 3837 674 3907 iecit
699 3838 816 3921 nolum,
834 3849 865 3908 et
890 3838 952 3908 hoe
979 3837 1099 3908 retudit
1116 3839 1214 3908 Unde
1236 3835 1393 3907 eniendun.

393 3949 480 4046 qnod
506 3947 595 4024 eliud
622 3961 670 4022 eet
690 3959 763 4024 'enne
789 3951 962 4035 vinarium,
980 3951 1070 4024 niiud
1096 3963 1142 4022 eet
1168 3975 1240 4024 enee
1264 3947 1393 4022 onnon!
