2890 4978
519 429 591 501 500
711 457 716 468 ·
743 445 786 500 nn
805 445 953 500 tomam
971 443 1115 510 monam

489 557 612 644 libane,
629 559 682 630 eir
698 571 783 630 asem
800 558 952 631 inuitato
966 555 1133 642 damone.

410 673 484 748 lino
501 669 602 748 etiam
619 672 761 768 napum
777 672 827 748 usi
844 681 929 754 suna
945 683 978 746 et
994 671 1069 744 dion
1086 671 1248 767 Hispanos
1269 679 1318 770 qui
1340 697 1395 769 poa·

407 793 468 866 tati
485 799 559 864 aaut
574 791 611 862 ln
626 785 765 884 Vulgari
782 791 838 862 Oe.
854 788 1049 862 Hamericrns
1064 787 1107 862 de
1125 789 1257 862 aelami:

487 905 569 978 Ntrls
585 906 659 976 bum
676 925 744 976 nnn
756 918 813 999 pot
828 906 963 1005 mnapiir
977 903 1199 978 maronianae

407 1021 578 1111 Quaedam
611 1029 676 1106 est,
710 1023 745 1094 in
769 1041 835 1116 qua
859 1029 987 1103 tantum
1013 1019 1252 1118 aptasyllabum
1274 1024 1393 1094 intexitur

408 1158 522 1220 annm,
539 1145 572 1210 et
588 1133 651 1208 boa
667 1158 735 1211 esse
750 1157 818 1210 non
836 1145 948 1232 potest,
965 1136 1029 1210 nisi
1044 1137 1104 1212 ubi
1121 1137 1211 1210 frons
1226 1139 1391 1223 maselan

407 1253 460 1339 da,
477 1249 634 1348 qnoniam
652 1247 708 1342 (ut
724 1248 847 1330 dietum
864 1255 931 1346 est)
949 1251 984 1324 in
1002 1251 1150 1346 pedibus.
1167 1261 1260 1348 atque
1281 1249 1390 1324 sende

405 1367 581 1442 attenditur
598 1361 776 1461 aequalitas
793 1365 989 1450 carminum.
1005 1381 1038 1440 et
1061 1366 1270 1464 syllabamma
1293 1373 1389 1458 propter

406 1477 492 1580 quod
510 1477 611 1554 etiam
628 1501 688 1550 nec
712 1501 866 1564 numanis,
890 1479 999 1581 impar
1024 1482 1212 1568 carminum
1237 1487 1324 1575 potest
1343 1499 1388 1546 eser

406 1597 463 1672 ubi
483 1595 582 1677 imus,
597 1591 651 1666 vel
667 1589 770 1676 canda
781 1615 853 1676 ‚non
868 1605 926 1676 est:
942 1595 998 1668 sed
1013 1593 1078 1678 uni·
1091 1591 1174 1668 haee
1191 1605 1246 1677 est,
1267 1592 1312 1662 vel
1331 1587 1388 1659 dte

405 1705 538 1792 rasela,
556 1704 628 1802 pari
646 1715 679 1778 et
694 1705 816 1801 impari
832 1728 970 1780 numam
995 1708 1029 1777 in
1054 1707 1254 1782 carminibus
1275 1703 1337 1776 lieet
1354 1701 1386 1772 nti

405 1819 603 1898 adlibitum:
619 1817 752 1894 etaient
768 1822 930 1916 quaedam
947 1821 1076 1895 Stantia
1093 1831 1143 1894 est
1167 1839 1232 1894 uno
1255 1813 1386 1912 eptasylla

406 1938 450 2010 bo
468 1938 681 2018 maiormata
698 1935 745 2006 sic
760 1935 895 2023 duabus,
912 1937 1027 2018 tribus.
1050 1948 1199 2031 quatum
1222 1933 1341 2029 quinque
1351 1927 1385 1998 ri·

405 2057 607 2146 deturpasse
623 2051 763 2132 oontexb
781 2050 959 2124 dummodo
976 2051 1010 2120 in
1029 2051 1158 2146 tragion
1174 2045 1383 2123 damnatus

405 2167 579 2264 syllabam,
596 2173 629 2236 et
646 2164 795 2259 incipiota
810 2173 1038 2240 vamnmtamen
1053 2165 1210 2260 quosdam
1228 2161 1266 2234 ab
1281 2153 1384 2254 eptasyl·

404 2277 483 2357 labo
501 2278 626 2377 tragice
642 2277 820 2374 incoepisse
845 2277 1042 2362 invenimus,
1066 2277 1227 2370 videlieet,
1242 2271 1383 2348 audonem

404 2399 445 2468 de
461 2389 653 2478 Gbieileniis,
669 2403 701 2465 et
719 2391 904 2464 Fabnitium
921 2393 1151 2465 Bononiensem

480 2509 528 2582 Dr·
542 2509 641 2602 sertae
657 2507 807 2606 suffetius.
852 2572 855 2591 ,
1111 2509 1165 2593 Et,

478 2620 761 2715 Donnoiokmao
776 2641 879 2692 auore.
1108 2623 1176 2708 Et,

479 2739 525 2810 no
540 2739 606 2810 mio
622 2739 754 2810 muman
769 2740 846 2830 pire.

306 2877 309 2886 ’
402 2851 620 2950 thrrosdam
645 2849 736 2925 alios
761 2853 825 2924 Sed
850 2851 879 2924 si
904 2851 945 2926 ad
972 2875 1087 2928 eorum
1113 2871 1239 2926 senaim
1260 2839 1383 2920 millite!

399 2970 524 3041 intrare
541 2969 690 3052 velimus,
715 2987 783 3038 non
808 2965 879 3038 sine
904 2969 1047 3062 quodam
1072 2965 1209 3062 Elegiae
1230 2951 1381 3036 umbracul⁰

399 3083 482 3154 baec
516 3081 679 3174 Tragedia
704 3081 878 3174 proaedere
908 3077 1092 3154 videbitur.
1119 3083 1169 3152 ne
1200 3065 1381 3174 petttttntlltio

397 3217 527 3292 quoque
544 3215 611 3266 non
627 3193 674 3266 sie
691 3191 908 3275 oonaedimnsa
925 3195 962 3266 in
978 3193 1159 3268 dictamine
1172 3195 1284 3286 magno
1295 3177 1380 3258 aad

397 3309 533 3384 animm
551 3307 813 3406 pentasyllabum
831 3310 866 3380 in
883 3317 953 3380 tota
969 3309 1097 3382 Stantia
1121 3303 1251 3390 oonsari,
1272 3299 1317 3374 sel
1335 3293 1380 3366 im

397 3423 439 3494 ad
456 3423 528 3517 plus
545 3422 580 3493 in
598 3418 744 3516 pedibus,
760 3432 793 3494 et
809 3421 883 3494 dico
902 3422 937 3494 in
954 3419 1101 3516 pedibus,
1128 3431 1254 3516 propter
1276 3403 1378 3486 necesi-
1424 3417 1425 3434 ¹

399 3544 511 3618 tatem,
529 3557 594 3632 qua
620 3532 818 3632 pedibusque
843 3535 1053 3634 versibusque
1078 3545 1252 3608 mnonmr
1275 3521 1379 3600 mrim

398 3659 509 3723 autem
527 3652 735 3748 trisyllabum
746 3654 780 3724 in
791 3653 917 3746 tragion
928 3651 1055 3726 videtur
1072 3675 1140 3726 esse
1149 3645 1330 3723 mmendnnt
1338 3651 1378 3728 P&

398 3785 434 3832 se
450 3759 632 3836 subsistens
642 3765 767 3848 etdioo,
778 3789 878 3860 perse
887 3765 1071 3848 subsistens,
1081 3767 1158 3864 quia
1168 3787 1223 3860 per
1237 3751 1376 3856 anamim

400 3875 613 3950 ritbimorum
630 3880 907 3974 repercussionum
934 3882 1119 3977 frequenter
1145 3879 1264 3952 nidetm
1280 3881 1376 3950 ,mmm-

405 3999 518 4086 ptum‚
536 3992 619 4066 siout
637 3994 779 4066 inveniri
798 4005 901 4089 potest
919 3995 954 4068 in
972 3995 1030 4070 illa
1047 3992 1200 4072 dudonis
1223 3969 1375 4062 Florandai
