2914 4982
495 441 567 526 594
772 471 815 523 nn
835 469 1035 524 uenturum

389 603 464 657 rum
490 591 522 654 et
547 591 678 678 gentem
705 579 898 676 nispnsuerit
925 580 959 650 in
978 581 1110 662 mundo,
1127 580 1167 652 nd
1186 578 1395 654 univeraliter

387 697 657 794 principandum:
673 695 769 767 nliter
786 695 850 766 sibi
866 693 1044 776 defecisset,
1052 697 1139 790 qrrorl
1161 705 1210 767 est
1228 695 1394 790 impunibi-

387 812 428 884 le.
445 811 526 898 Quis
543 819 657 881 nutem
674 809 772 881 tuerit
787 810 888 890 lucus,
905 820 938 879 et
954 832 1039 905 quae
1056 831 1146 902 gens,
1164 833 1225 904 per
1248 811 1327 884 dicta
1349 835 1395 882 su-

386 928 495 1024 perius
512 935 545 996 et
563 925 698 996 iuferius
715 925 792 996 sutis
808 935 855 997 est
866 924 1173 1019 manifestumquod
1191 925 1400 1006 fueritanr,

387 1054 420 1116 et
436 1044 524 1114 cives
540 1040 621 1136 ejus,
638 1041 707 1111 sive
725 1042 873 1136 populus.
890 1041 986 1126 Quod
1003 1051 1036 1112 et
1060 1053 1159 1135 poete
1185 1053 1292 1115 noster
1314 1045 1398 1116 rude

388 1155 553 1230 subtiliter
569 1155 603 1225 in
620 1166 711 1226 sexto
728 1154 845 1248 tetigit,
863 1140 1072 1226 introducens
1079 1155 1247 1228 Anchisen
1263 1179 1397 1251 praemu-

387 1281 521 1343 nentem
547 1269 716 1370 AEneum
743 1272 970 1342 Romanorum
997 1280 1135 1361 putrem.
1160 1269 1224 1340 sic:
1246 1271 1399 1342 Excudent

387 1386 448 1456 ntii
463 1383 620 1476 spirantis
635 1383 765 1452 nuliius
782 1403 867 1464 cern,
886 1383 989 1453 oraro
1013 1383 1165 1476 uuidere,
1189 1385 1278 1454 muns
1300 1386 1399 1454 duent

389 1503 427 1570 dr
443 1518 599 1568 murmure
615 1497 729 1578 emtus,
748 1498 895 1568 Oratunt
911 1519 1022 1568 cnurnr
1038 1497 1161 1584 nteiiur,
1177 1499 1312 1590 uertique
1326 1521 1400 1568 nen·

390 1630 440 1684 tur
449 1613 632 1682 Dcscribcnt
648 1612 753 1692 radin,
768 1625 797 1682 et
814 1613 974 1703 sternentia
990 1613 1096 1682 niun
1112 1611 1237 1682 dicent:
1250 1611 1297 1682 Tu
1310 1635 1400 1704 repere

386 1726 522 1819 imperio
534 1727 676 1819 populor,
694 1726 841 1808 nonum,
858 1739 1019 1812 memento,
1037 1727 1108 1798 Huc
1125 1727 1185 1798 tibi
1206 1741 1298 1798 mut
1318 1743 1396 1810 mter,

386 1845 515 1937 purique
540 1845 699 1934 imponere
723 1863 852 1925 mntem,
879 1844 1015 1913 Parcere
1039 1841 1192 1934 subjectis,
1210 1856 1241 1912 et
1263 1843 1393 1914 curm

389 1959 545 2050 superbos.
571 1955 827 2050 Dispositionem
852 1977 933 2028 vero
956 1953 1022 2027 loci
1047 1957 1215 2030 eubtssiter
1248 1957 1337 2052 tangit
1358 1955 1391 2024 in

387 2085 514 2169 quarto,
532 2095 608 2144 cum
627 2071 804 2152 introducit
820 2073 939 2144 Jovem
958 2073 998 2144 ud
1018 2072 1221 2145 Mercurium
1240 2074 1391 2145 chEnet

389 2189 577 2282 loquentem
599 2185 660 2258 isto
677 2185 793 2256 modos
811 2185 886 2255 Non
901 2185 995 2256 illum
1011 2187 1101 2255 nobis
1116 2187 1262 2276 penurie
1273 2187 1395 2279 punn-

388 2303 473 2372 rimn
491 2303 584 2371 tutem
602 2301 765 2382 Promisit,
784 2298 976 2392 cujusque
992 2301 1063 2370 iden
1080 2301 1127 2371 ne
1144 2302 1286 2372 uindicet
1300 2301 1395 2370 urnis·

394 2417 459 2487 Sed
474 2416 542 2508 [ure
558 2414 613 2507 psi
628 2415 795 2506 prevident
811 2415 963 2506 imperiis,
988 2415 1124 2506 nunqu
1146 2414 1322 2507 {runem
1342 2413 1398 2482 itu·

268 2551 272 2558 ·
390 2531 469 2599 tium
485 2540 610 2619 προνοί.
627 2529 803 2620 Propterea
817 2528 896 2599 satis
913 2549 1102 2622 persuasum
1119 2537 1178 2610 est,
1202 2531 1286 2624 qnod
1306 2549 1397 2622 popu·

388 2643 439 2714 lus
456 2646 623 2716 Romanus
640 2651 759 2712 nutum
776 2640 944 2712 ordinatus
958 2641 1021 2712 tuit
1037 2642 1079 2712 nd
1097 2641 1325 2736 imperandum.
1340 2641 1395 2708 Er-

387 2781 431 2852 go
448 2761 617 2830 Romanus
634 2748 774 2849 populus
790 2754 994 2849 subjiciendo
1009 2755 1074 2828 sibi
1092 2755 1265 2842 nrbemde
1278 2755 1344 2852 jure
1360 2751 1396 2824 ul

390 2871 569 2966 imperium
586 2869 685 2941 veuit

464 3099 517 3170 Ad
536 3099 620 3169 bene
636 3119 766 3194 quoque
783 3101 970 3172 venandum
988 3099 1162 3172 veritatem
1172 3097 1320 3196 quaesiti,
1327 3093 1392 3166 nrirr

268 3295 274 3304 .
388 3214 624 3308 eportet‚qu0d
641 3213 791 3284 divinum
804 3214 968 3310 judicium
987 3215 1022 3284 in
1040 3215 1136 3286 rebus
1151 3208 1394 3310 quaudnquebtr

389 3323 537 3396 minibus
555 3335 602 3395 est
621 3325 1043 3424 manifestumquuudnque
1060 3327 1242 3400 occulterm:
1254 3331 1295 3400 lit
1309 3319 1393 3396 mari·

390 3439 508 3510 festum
521 3451 625 3533 potest
641 3463 709 3510 esse
724 3441 909 3535 dupliciter,
920 3443 1047 3515 ratione
1062 3443 1196 3526 scilicet,
1207 3455 1240 3514 et
1251 3444 1318 3516 fide
1326 3439 1392 3510 nan

390 3557 551 3648 quaedum
557 3555 685 3650 judicia
694 3556 756 3626 Dei
768 3566 852 3638 sunt,
869 3557 1158 3653 adqunehnmnuu
1175 3559 1264 3630 setin
1280 3549 1392 3654 prepri'l

320 3729 325 3740 ,
393 3668 530 3760 pedibus
547 3669 731 3764 pertingere
750 3682 871 3764 potesu
886 3673 969 3744 sicut
986 3672 1027 3744 ad
1044 3672 1121 3762 hnc:
1137 3673 1225 3768 quod
1243 3671 1334 3744 homo
1347 3685 1391 3760 pm

393 3783 495 3852 salute
523 3786 649 3876 patriae
674 3785 815 3878 seipsurn
842 3799 991 3880 exponat
1009 3789 1095 3858 Num
1121 3786 1148 3857 si
1174 3809 1252 3880 pers
1275 3785 1390 3857 debete

394 3919 556 3990 exponere
574 3921 634 3992 pro
651 3900 755 3972 salute
772 3901 879 4012 tntiue,
897 3925 971 3972 cum
988 3899 1089 3972 hnmn
1105 3902 1147 3970 sit
1160 3913 1241 3994 'pure
1256 3895 1386 3994 qumttm

392 4005 543 4094 civitatis,
561 4021 595 4082 ut
622 4013 669 4084 ait
693 4012 908 4108 Philnsnphus
934 4014 968 4086 iu
994 4014 1060 4088 suis
1076 4013 1213 4096 Potitiis,
1231 4013 1324 4086 nono
1343 4023 1388 4099 μθ
