2914 4982
499 428 571 496 trs
754 439 815 492 ‘ns
839 437 1039 492 nonreems

388 547 727 642 neumnensium
745 542 825 616 illud
850 545 1099 638 Evangelieum,
1124 544 1246 618 saum
1267 571 1403 624 mm

392 689 457 758 quo
486 663 584 734 meust
598 660 730 753 lueriis,
744 660 923 730 remetietur
938 660 1037 730 nobb:
1053 660 1199 732 muinre
1216 663 1401 746 nobbime-

392 778 483 852 nme
504 796 650 870 proeesse
676 771 837 846 eosvenit
862 773 1129 866 Subsssumptum
1154 795 1244 859 vero,
1268 789 1400 850 meren

391 889 578 965 testimonio
593 889 737 968 suadent
752 909 832 960 num
848 887 979 960 divinus
994 899 1090 982 poeta
1108 899 1218 960 noster
1245 890 1404 984 Virpbiue

392 1029 452 1102 per
467 1017 572 1079 totam
592 1001 794 1085 AEneislem,
819 1001 999 1096 gloriosum
1025 1025 1139 1096 regem
1164 1003 1333 1084 ,ll-leesor,
1356 1030 1405 1098 pe·

390 1127 475 1192 tuem
490 1117 631 1190 Romani
649 1115 761 1209 populi
779 1115 876 1187 fuisse
891 1124 1035 1198 testetur,
1052 1115 1088 1186 in
1112 1117 1313 1188 memoriam
1330 1142 1403 1190 sen-

388 1234 572 1330 piternam
596 1231 683 1326 quod
725 1230 816 1302 Titos
840 1229 964 1312 Livius,
993 1239 1160 1323 gestorum
1188 1233 1402 1304 Rornanorum

391 1347 499 1419 scribu
514 1345 679 1439 egregius,
695 1343 730 1414 in
748 1343 855 1437 prime
873 1354 965 1437 purte
988 1342 1039 1414 sui
1064 1344 1263 1427 voluminis,
1287 1370 1366 1440 quse
1384 1367 1401 1414 r

390 1459 602 1555 eapulmja
627 1459 728 1530 mmit
753 1459 937 1541 exordium,
962 1469 1167 1532 contestetur.
1191 1462 1261 1546 Qui
1286 1463 1403 1556 quiden

281 1633 286 1644 ,
388 1573 580 1646 mitissimus
595 1583 690 1668 etque
707 1571 873 1667 piissimus
889 1583 990 1666 peter,
1001 1585 1144 1669 quonum
1154 1575 1403 1648 nobilitet‘ulue·

388 1689 442 1771 rit,
458 1709 525 1759 non
540 1688 649 1759 solum
664 1711 724 1759 sue
740 1687 945 1759 consideratu
961 1688 1091 1773 virtute,
1107 1692 1163 1762 sed
1179 1701 1214 1761 et
1229 1690 1404 1786 progenito·

390 1824 467 1874 rum
482 1823 627 1884 suorum,
645 1813 741 1896 etque
755 1823 907 1883 uxorum,
923 1823 1063 1896 quorum
1080 1812 1296 1899 utrorumque
1316 1803 1400 1872 uobi-

389 1916 465 1988 lites
481 1913 698 1988 haereditario
710 1916 787 2010 jure
804 1915 839 1984 in
856 1915 963 2010 ipsum
980 1917 1148 2000 confluxit,
1166 1919 1330 2012 explicere
1352 1941 1400 1986 ue·

388 2032 527 2126 quirem:
542 2031 597 2102 sed
613 2051 741 2104 summe
757 2053 874 2124 seques·
888 2029 1026 2124 vestigio
1042 2055 1163 2102 rerum
1178 2035 1343 2118 Quantum
1355 2055 1399 2101 er-

389 2167 433 2238 go
450 2147 492 2216 nd
512 2144 681 2237 propriam
708 2143 778 2237 ejus
802 2143 1019 2228 nobilitatem,
1044 2147 1223 2218 audiendus
1246 2159 1294 2218 est
1317 2151 1400 2218 noer

390 2269 506 2341 noster,
524 2258 730 2330 introducens
755 2258 789 2328 in
807 2258 916 2351 primo
931 2258 1092 2332 Ilioneum
1108 2271 1259 2332 orantem
1274 2262 1329 2334 sie
1341 2262 1400 2330 Pes

384 2387 457 2444 «rot
479 2376 598 2444 AEooot
613 2373 712 2454 nobis,
728 2395 789 2464 puo
801 2371 921 2463 justior
935 2376 1016 2445 atter
1040 2375 1104 2446 Neo
1126 2378 1241 2466 pistule
1262 2379 1330 2470 fuit,
1353 2397 1400 2444 oet

383 2488 468 2559 bello
482 2485 588 2579 otojor
602 2502 632 2556 et
645 2489 755 2558 nouis
771 2487 963 2560 Audiendus
981 2499 1028 2560 est
1053 2488 1141 2560 idem
1169 2491 1203 2560 in
1227 2501 1322 2570 sexto,
1344 2489 1399 2583 qni

388 2623 465 2672 oum
480 2601 521 2670 de
543 2599 670 2672 bliseno
687 2609 817 2671 mortuo
832 2600 1028 2694 loqueretur,
1049 2602 1109 2697 qui
1133 2603 1234 2674 lueret
1257 2601 1397 2673 neutum

387 2714 537 2788 minister
553 2712 587 2784 in
605 2713 702 2796 bello,
719 2721 751 2784 et
768 2724 996 2806 postmortem
1014 2715 1174 2797 Hectoris,
1189 2717 1322 2786 lmese
1336 2713 1397 2784 mi-

388 2829 529 2902 nistrum
545 2853 580 2901 se
595 2829 737 2909 dederet,
754 2827 833 2898 dicit
851 2828 958 2921 ipsum
976 2829 1139 2900 Misenum
1165 2853 1233 2903 non
1256 2829 1399 2900 interiore

388 2957 570 3042 sequutum:
585 2944 867 3038 oompsmtionem
884 2945 1005 3016 inciens
1020 2947 1061 3016 de
1077 2947 1201 3016 AEnes
1226 2947 1268 3016 ml
1292 2947 1397 3016 lleoto·

388 3081 584 3153 romonem
603 3083 680 3152 pree
702 3058 857 3130 omnibns
881 3061 1046 3132 Homerus
1071 3059 1245 3152 glorilioet,
1263 3069 1300 3130 ut
1314 3059 1395 3130 relert

387 3168 601 3263 Philosophus
617 3171 651 3240 in
668 3170 708 3240 iis
724 3195 814 3265 quae<
824 3171 865 3242 de
881 3172 1029 3244 moribus
1045 3173 1220 3266 fugiendis,
1246 3175 1289 3246 ad
1313 3173 1396 3244 ilico·

388 3285 553 3358 maehum.
585 3288 753 3372 Quantum
784 3309 864 3358 uero
889 3289 931 3358 nd
956 3287 1225 3372 haereditarium,
1249 3286 1394 3385 quoslibet

390 3423 466 3493 pers
491 3399 646 3494 tripertiti
671 3399 761 3474 orbis
785 3409 855 3474 tsm
882 3399 952 3472 nris
976 3424 1075 3496 quern
1101 3401 1299 3496 conjugibus
1317 3401 1395 3472 ilion

390 3515 578 3588 nobilitasse
595 3517 769 3598 invenitur,
785 3537 865 3588 nsm
882 3516 963 3590 Asin
980 3515 1268 3612 propinquioribus
1285 3515 1395 3592 suiset

391 3630 558 3713 Assumo,
575 3642 607 3702 et
623 3631 697 3702 eliis
712 3631 767 3726 qui
785 3631 821 3702 in
838 3631 982 3724 Phrygis
997 3643 1229 3724 regnaverunt,
1246 3631 1342 3704 Asine
1356 3651 1394 3696 re

392 3742 500 3834 gione
516 3744 610 3816 Unde
627 3749 726 3818 Postu
741 3755 850 3818 nostor
866 3745 900 3814 in
917 3745 1024 3818 tertio:
1040 3747 1211 3840 Postquam
1235 3767 1286 3816 res
1309 3743 1392 3816 Asu

387 3856 577 3948 Priamique
590 3873 723 3930 menore
737 3875 856 3952 penum
870 3858 1065 3930 imrueritoru
1078 3861 1181 3932 oleoso
1195 3857 1391 3954 Superislio·

392 3991 475 4068 rope
491 3995 571 4045 vero
586 3973 821 4070 nntiquissimo
837 3975 960 4049 scilieet
974 3977 1141 4058 Desdruo,
1156 3973 1269 4052 sote
1285 3989 1393 4072 W
