2914 4982
363 435 367 447 ,
484 403 555 470 598
753 416 796 468 ns
822 413 1023 468 uornnnnm

381 529 443 600 init
461 552 519 622 per
535 527 675 620 signum,
693 523 781 620 quod
806 525 893 596 Dens
918 521 1122 594 indicaverat
1146 523 1188 594 de
1212 521 1387 596 libentione

382 644 527 714 liliorum
545 639 653 712 lsrael.
670 639 829 711 Oratione
847 639 1054 732 impetrante,
1072 639 1158 734 quod
1176 638 1323 720 sciebant,
1336 640 1386 734 qui

381 753 549 826 dicebant:
568 755 648 824 Gom
664 754 846 845 mamonae
868 753 946 844 qaid
969 775 1059 844 opere
1084 755 1260 834 dodanam,
1274 756 1326 824 hor
1347 777 1389 824 ce

383 869 450 938 lacn
474 871 620 940 hahemus
644 870 774 948 madai,
799 881 835 938 at
859 868 904 939 od
927 869 1390 961 teoenlordinpomuallisoe·

383 983 529 1076 ptatione
545 1004 625 1055 vero
642 982 807 1056 mediante
824 981 1013 1075 dupliciter:
1030 993 1088 1056 ant
1111 993 1208 1066 sorte,
1225 995 1282 1056 aut
1304 997 1389 1055 eerta·

383 1097 482 1168 mine.
499 1099 632 1168 Certare
647 1096 751 1177 anim,
768 1097 813 1167 ah
829 1119 870 1168 eo
888 1097 975 1191 quod
1002 1108 1049 1168 est
1074 1108 1201 1170 eertum
1228 1099 1388 1180 [armedi-

385 1222 474 1282 ctum
492 1221 547 1282 est
565 1215 659 1284 Sorte
676 1209 838 1306 siquidem
853 1211 1050 1306 quandoque
1060 1211 1122 1282 Dei
1132 1210 1300 1304 judicium
1317 1235 1388 1282 rere·

381 1321 470 1394 latur
494 1323 700 1408 hominihus:
717 1334 753 1395 ut
778 1335 866 1418 patet
885 1324 919 1394 in
944 1323 1174 1396 substitutione
1200 1325 1351 1398 Matthiae
1364 1327 1387 1394 ir

384 1437 522 1510 Actibus
547 1439 791 1533 Apostolorum
817 1437 1007 1508 Certamine
1038 1461 1118 1510 vero
1142 1438 1315 1532 dupliciter
1342 1439 1387 1508 oei

381 1547 549 1646 judicium'
564 1553 725 1645 aperitur:
743 1553 797 1625 vel
812 1575 855 1622 ex
871 1550 1041 1622 collisione
1056 1550 1194 1632 virium,
1202 1551 1283 1622 sirm
1298 1552 1332 1624 tt
1346 1573 1389 1644 pn

294 1677 297 1682 '
385 1663 531 1738 duellum
549 1666 711 1760 pugilum,
723 1667 781 1760 qui
798 1665 979 1739 duelliones
996 1667 1098 1739 etiam
1116 1667 1344 1738 vocautnrzvel
1358 1689 1392 1734 er

388 1781 596 1852 contentione
614 1782 758 1874 plurium
777 1784 819 1854 ad
837 1782 968 1876 aliquod
980 1781 1116 1880 ¹signnm
1144 1783 1323 1875 praevalere
1342 1803 1390 1850 co·

387 1894 550 1976 nantium,
575 1896 658 1966 sicud
682 1896 719 1966 tt
744 1921 803 1991 per
820 1895 966 1991 patrnam
990 1896 1189 1968 athletarum
1216 1895 1388 1970 currentium

388 2009 430 2080 ad
447 2012 611 2084 bravium:
630 2013 758 2084 Primus
776 2012 914 2084 istorum
932 2015 1105 2084 modorum
1122 2013 1208 2106 apud
1226 2010 1341 2106 penales
1353 2008 1388 2078 li·

389 2135 524 2216 guratus
540 2127 604 2197 tuit
622 2129 657 2196 in
676 2127 735 2198 illo
752 2128 865 2200 duello
882 2127 1034 2200 Herculis
1050 2137 1084 2198 et
1107 2126 1220 2206 Antei,
1237 2125 1319 2220 cnjus
1335 2125 1392 2194 ln-

389 2261 490 2309 canus
508 2242 660 2312 meminit
678 2242 712 2314 in
730 2253 848 2337 quarto
864 2239 1062 2322 Pharsaliae,
1079 2250 1111 2310 et
1121 2239 1260 2310 Ovidius
1275 2237 1307 2308 in
1319 2256 1393 2308 nono

389 2349 430 2420 de
447 2375 556 2424 rerum
575 2355 854 2428 transmutatione.
873 2357 1040 2427 Secundus
1065 2353 1228 2446 liguratur
1250 2353 1328 2448 apud
1348 2373 1393 2420 eo-

390 2467 481 2538 sdem
500 2469 534 2539 in
552 2471 707 2544 Atalanta
725 2482 757 2543 et
774 2471 994 2565 Hippomene,
1005 2471 1038 2542 in
1050 2469 1180 2540 decimo
1195 2469 1337 2564 ejusdcm
1351 2465 1396 2538 Si·

390 2581 516 2652 militer
532 2594 564 2654 et
580 2585 683 2656 latere
700 2609 765 2656 non
783 2585 888 2674 debet
904 2584 1066 2678 qnoniam
1083 2583 1118 2653 in
1136 2581 1188 2652 his
1213 2581 1325 2654 duohm
1344 2580 1396 2648 de-

385 2697 538 2775 certandi
566 2697 741 2792 generibus
767 2698 812 2770 itn
829 2723 863 2770 se
889 2698 989 2770 hahet
1014 2719 1075 2778 res,
1100 2706 1137 2770 ut
1163 2697 1197 2766 in
1224 2697 1317 2768 altero
1335 2693 1396 2764 sine

392 2809 515 2904 injuria
533 2813 733 2886 decertantes
750 2814 912 2908 impedire
928 2837 962 2884 se
980 2814 1111 2906 possint,
1128 2823 1208 2906 puta
1225 2811 1396 2884 duotore:

391 2923 426 2992 in
445 2927 548 2997 altero
566 2937 676 3001 autem
694 2949 779 3008 non:
797 2949 864 2998 non
876 2927 966 2998 enim
976 2927 1118 2998 athletae
1129 2925 1355 3018 impedimento
1368 2920 1395 2988 in

302 3045 305 3050 “
394 3039 586 3112 alterutrum
605 3043 652 3112 uti
669 3041 798 3126 dehent,
806 3043 959 3139 quamvis
968 3045 1068 3114 Poeta
1079 3051 1188 3112 noster
1196 3036 1397 3112 alitersentire

392 3152 542 3224 rideatur
567 3156 601 3224 in
625 3157 756 3250 quinto,
782 3180 858 3232 cum
885 3160 961 3233 lecit
993 3157 1196 3230 remunerari
1224 3157 1395 3250 Euryalen·

393 3267 532 3362 Propter
555 3273 640 3366 quod
668 3269 786 3344 melius
812 3274 937 3346 Tullius
964 3273 997 3344 in
1023 3273 1120 3344 tertio
1144 3271 1184 3342 de
1210 3269 1328 3344 Officiis
1348 3265 1396 3336 hor

393 3383 574 3476 prohibuit,
591 3386 787 3459 sententiam
805 3387 981 3483 Chrysippi
999 3410 1153 3482 nequeam
1170 3386 1218 3460 ait
1243 3385 1326 3458 enin
1345 3381 1396 3450 sic:

394 3497 481 3568 Seite
499 3501 704 3594 Chrysippus,
720 3515 756 3572 nt
773 3505 894 3573 molto:
912 3504 980 3587 oei
1004 3503 1141 3572 stodiam
1157 3499 1293 3592 (inquit)
1307 3493 1395 3568 cuod.

397 3614 478 3684 eniti
494 3629 522 3684 et
538 3619 944 3710 matemautensem
959 3618 1098 3688 maiam
1119 3617 1230 3710 possit,
1247 3627 1280 3684 nt
1302 3615 1396 3684 nnat:

397 3729 601 3818 supplantare
616 3747 722 3803 numm
739 3757 810 3802 enm
826 3735 881 3824 qni
896 3756 968 3804 eum
984 3744 1085 3812 certet,
1103 3731 1193 3800 nullo
1210 3729 1302 3798 modo
1321 3723 1395 3796 detti

399 3839 571 3936 listraque
588 3845 621 3918 in
640 3846 793 3940 Capitulo
810 3845 873 3916 hoc
896 3845 1065 3928 distinctis,
1081 3845 1163 3916 duas
1188 3843 1324 3916 rationes
1341 3831 1394 3906 ὦ·

396 3979 491 4028 eaces
508 3959 548 4028 ad
567 3961 770 4052 propositum
781 3961 929 4056 accipere
947 3957 1267 4055 possumuszscilioet
1282 3949 1396 4026 adhoc·
