2914 4982
752 79 760 136 i

482 435 561 504 558-
750 443 793 498 nrt
821 442 1021 499 moruncurt

380 561 471 635 euim
487 569 605 629 nature
621 553 772 650 producit
788 577 903 634 unum,
921 574 1023 625 unum
1041 573 1121 624 vero
1138 553 1286 635 nonum
1300 555 1400 626 nuxi-

380 685 436 747 me
452 697 518 755 eno,
535 670 681 744 maximo
699 680 746 740 est
762 691 881 750 uuum
899 678 934 738 et
952 668 1101 739 maxime
1127 691 1244 750 uuum,
1263 670 1400 740 maxine

380 791 514 862 Momm.
531 790 575 859 Et
599 795 722 881 quanto
748 781 873 878 aliquid
900 807 921 853 a
947 783 1097 853 maximo
1123 795 1197 854 ente
1224 785 1400 876 elongatur.

379 914 471 974 tuoto
481 912 514 974 et
530 902 574 972 ab
590 908 823 978 eoeunumet
840 921 899 991 per
915 919 1115 992 ooooequenr
1133 899 1176 968 ab
1192 921 1264 968 eme
1275 897 1400 968 bonurn

379 1022 516 1112 Propter
531 1015 619 1110 quod
636 1015 671 1084 in
688 1011 781 1082 otoni
797 1035 917 1105 genere
934 1035 1046 1082 rerum
1064 1011 1146 1106 illud
1165 1022 1214 1082 ort
1231 1011 1400 1105 optimum,

378 1132 467 1228 quod
484 1141 531 1200 est
547 1127 693 1198 maxime
710 1147 825 1206 unum,
835 1124 1081 1219 utPlrilosopho
1098 1127 1205 1219 placet
1217 1125 1256 1194 in
1266 1125 1309 1194 iio
1323 1148 1395 1218 quae

378 1249 419 1318 de
435 1243 630 1338 simpliciter
645 1249 729 1312 onte.
746 1241 843 1312 Unde
860 1241 907 1322 fit,
932 1242 1020 1334 quod
1046 1261 1151 1310 uuum
1175 1261 1258 1322 eree,
1285 1240 1400 1312 ridetur

380 1381 448 1431 erse
465 1356 560 1428 radix
575 1355 647 1448 ejus
661 1355 750 1446 quod
767 1362 815 1423 ert
830 1375 898 1424 etse
915 1354 1055 1424 bonum
1073 1364 1107 1423 et
1122 1355 1230 1424 multu
1246 1377 1326 1434 we,
1341 1353 1398 1446 eju

378 1475 465 1570 qnod
483 1483 530 1543 ert
547 1492 615 1542 moe
631 1469 770 1540 molum.
785 1467 874 1554 Quin
890 1467 1094 1562 Pythagoras
1119 1468 1154 1538 in
1180 1467 1398 1540 eor-relationi-

380 1587 440 1658 boo
465 1585 541 1666 ouis,
560 1607 601 1654 eu
625 1589 723 1676 purte
744 1581 824 1652 boni
851 1581 995 1675 ponebat
1011 1605 1126 1664 onum,
1143 1605 1184 1652 ex
1209 1593 1307 1676 purte
1329 1603 1397 1652 vero

379 1697 460 1769 muli
479 1696 593 1790 plura:
607 1705 644 1766 ut
661 1704 750 1788 putet
767 1694 801 1765 iu
818 1695 929 1788 pmmo
945 1718 1072 1778 eorum,
1089 1721 1173 1793 quae
1189 1697 1234 1767 d'e
1250 1695 1395 1790 simplid-

379 1820 529 1882 terente.
546 1810 635 1880 Hine
651 1808 757 1879 videri
774 1819 879 1902 potest
895 1810 983 1903 quod
1000 1833 1135 1904 peceare
1151 1809 1241 1880 nihil
1259 1821 1305 1880 est
1318 1808 1395 1879 eliud

378 1949 481 2020 quom
498 1921 652 2017 progredi
669 1924 712 1993 ub
738 1943 806 1992 uuo
830 1933 939 2016 spreto
965 1924 1006 1996 ud
1032 1926 1145 2007 multa,
1161 1925 1260 2020 quod
1278 1923 1391 2018 quidem

379 2036 551 2108 Psalmirtu
568 2036 651 2106 bene
669 2034 812 2120 ridelut,
829 2036 955 2108 dioens:
972 2037 1000 2106 A
1018 2038 1125 2130 functo
1147 2039 1306 2132 frement,
1320 2037 1390 2114 oiri,

379 2163 409 2218 et
424 2151 487 2220 odoi
502 2149 706 2240 mrettipdieoti
721 2163 803 2219 ment.
819 2151 954 2222 Constat
970 2151 1083 2244 igitur,
1094 2153 1183 2246 quod
1200 2174 1300 2222 omno
1313 2149 1387 2245 quod

382 2275 432 2336 ost
449 2265 583 2346 bonum,
602 2264 739 2358 perhoc
756 2276 804 2336 eo
828 2266 963 2347 bonurn,
989 2267 1077 2362 qood
1102 2267 1138 2336 in
1163 2287 1233 2336 uno
1259 2263 1394 2336 consutit-

384 2381 429 2452 Et
446 2403 522 2450 oum
538 2378 725 2462 oonoordiu,
741 2381 776 2450 in
792 2392 954 2475 quunturn
970 2379 1169 2475 hujtmmodi,
1187 2382 1229 2452 nit
1245 2379 1393 2477 quoddam

383 2495 526 2565 bonum:
545 2493 757 2566 muuilestum
773 2504 821 2564 oet
837 2516 912 2566 eom
938 2495 1112 2570 oonoiototo
1139 2497 1173 2566 in
1198 2497 1304 2590 aliquo
1326 2513 1392 2572 tw.

381 2619 539 2703 tooqn'm
554 2608 590 2678 in
608 2607 743 2702 propriu
759 2607 886 2680 rodioe:
901 2633 985 2705 queo
1002 2610 1137 2704 quidem
1153 2611 1242 2682 radix
1257 2629 1385 2703 appare·

382 2723 441 2804 bit,
458 2723 488 2793 ri
504 2732 623 2794 nutura
639 2721 693 2793 vol
719 2721 803 2792 ratio
817 2723 1024 2794 ‘ooneordiue
1048 2733 1210 2796 sumetur.
1230 2725 1288 2794 Est
1308 2718 1390 2789 enin

383 2839 569 2918 ooooordiu,
586 2835 760 2911 uniformis
775 2848 884 2907 motus
900 2837 1046 2930 plurium
1064 2839 1285 2918 voluntatum,
1299 2835 1393 2928 inqut

382 2952 518 3046 undem
534 2953 663 3023 monne
679 2962 826 3045 apparot,
842 2951 1004 3024 unitatem
1021 2953 1229 3024 voluntatum
1245 2975 1325 3048 quue
1346 2969 1393 3043 per

383 3065 584 3136 uniformem
601 3075 730 3134 motum
753 3065 853 3136 detur
877 3064 1030 3157 intelligi,
1047 3066 1242 3138 oonoordiue
1268 3063 1390 3136 rudioom

384 3199 461 3258 erre,
488 3176 541 3247 vel
567 3175 674 3269 inrum
699 3178 921 3248 ooueordium.
946 3179 1036 3249 Num
1061 3177 1145 3252 oiout
1169 3182 1281 3273 plures
1302 3175 1393 3273 glebo

385 3291 567 3364 dicerem
600 3291 797 3376 eumenides,
832 3303 966 3386 propter
1005 3287 1260 3366 oondeeoeudere
1300 3309 1392 3363 onom

385 3406 428 3478 ud
461 3404 629 3478 medium:
663 3415 697 3476 et
729 3405 838 3502 plures
872 3405 1024 3478 flammeo
1047 3415 1181 3500 propter
1206 3405 1394 3480 ooeseenderr

388 3545 504 3594 omnen
538 3523 580 3593 ud
613 3521 987 3604 enumerandam
1019 3523 1205 3594 volontarie
1236 3524 1299 3594 hoe
1326 3522 1391 3592 iuer

388 3647 480 3706 rente
507 3635 554 3708 itu
578 3635 731 3707 hominen
762 3637 876 3729 pluteo
903 3637 1079 3710 oonoordeo
1104 3637 1260 3718 diuinum,
1286 3641 1392 3733 propt!

387 3750 487 3820 simo
504 3749 630 3820 moveri
641 3750 818 3822 erundum
839 3751 923 3824 velle
940 3751 982 3822 ad
999 3752 1211 3846 uuum,qu0o
1228 3763 1277 3824 est
1293 3752 1390 3822 lorot-

386 3861 514 3934 litorio
539 3863 780 3936 roluututilturt
804 3863 889 3936 sieut
912 3865 1055 3962 qualitur
1077 3887 1145 3938 unu
1171 3857 1387 3940 tunninio

388 3977 512 4072 glebii,
536 3974 662 4050 ocilioot
682 3979 844 4073 gravitas:
877 3991 909 4054 et
936 4001 1002 4055 uuo
1025 3981 1062 4054 iu
1088 3981 1248 4064 domnio,
1283 3975 1384 4053 rddidi
