3082 4984
564 433 744 484 arrsrnnna
989 414 1063 483 829

149 549 211 610 pare
224 531 410 608 improbabile,
421 532 471 591 ebe
483 539 586 592 rnenire
597 533 694 606 Anigo
706 534 766 596 Vll.
779 549 904 595 marenae
913 533 1170 605 emngncaennla

148 619 248 688 bellini,
261 621 372 680 l’anrioo
386 619 445 678 anei
458 637 473 678 c
485 620 570 677 l’erne
582 621 609 679 di
621 621 717 685 Dante,
730 619 861 677 lcovavasi
879 619 907 676 in
922 618 1050 682 Tuscana.
1070 621 1168 680 voiana

11 687 22 772 Ᾰ,
146 711 233 784 questi
246 709 374 783 riiuggire
385 711 419 766 ad
431 725 470 766 nn
482 705 584 773 Guelio.
596 709 660 780 qual
674 724 716 764 era
729 705 817 764 Gnido
828 707 976 774 Novello.e
995 715 1109 781 prestare
1127 711 1163 766 ad

148 815 205 856 ceso
216 799 233 854 l’
242 815 321 870 opera
334 815 381 855 ena
393 798 421 854 in
434 813 494 855 eona
507 795 534 854 cli
547 802 620 853 lania
634 795 804 867 importante.
817 796 962 869 qnanl'cra
976 811 1028 852 ena
1041 794 1167 869 pubblica

151 884 391 1042 Aigaiiiiilpiiima
405 975 479 1043 parte
490 969 692 1027 dell'obieaione
704 967 719 1026 l
731 973 847 1044 perallro
866 970 899 1027 da
919 971 1053 1032 calularai.
1071 967 1168 1042 poicbb

147 1073 204 1115 non
217 1057 355 1130 sapendosi
368 1075 398 1116 sn
411 1057 473 1128 qual
486 1055 658 1115 fondamento
677 1056 821 1116 cambiacoe
841 1056 859 1113 il
878 1057 992 1116 Bisoioni
1013 1059 1040 1114 la
1058 1059 1130 1124 dala,
1148 1075 1165 1115 a

11 1117 23 1216 ’,
147 1163 203 1203 non
216 1145 360 1204 novendosi
373 1151 447 1202 tener
456 1144 539 1203 ferma
551 1146 602 1203 che
613 1146 701 1218 quella
715 1151 786 1216 posia
800 1146 843 1201 dal
857 1147 937 1207 iloni.
949 1147 1167 1216 iaaeeondapar-

145 1240 173 1289 le
184 1231 387 1289 dall'obieaione
398 1231 462 1288 eade
473 1233 501 1288 di
514 1248 560 1304 per
571 1249 599 1290 se
610 1239 699 1290 siceu-
709 1233 743 1288 Al
756 1229 838 1290 Wiltc
851 1232 894 1305 poi
911 1234 1039 1306 potrebbe
1057 1234 1165 1306 rispen-

144 1318 225 1382 dersi.
236 1319 261 1375 1.
274 1319 324 1377 ebe
336 1320 354 1376 il
366 1320 420 1377 anio
432 1317 534 1376 cordio
545 1320 606 1377 nell·
613 1318 733 1376 oracione
745 1318 772 1375 di
792 1320 878 1376 Dante
897 1321 1066 1392 risgnardara
1086 1319 1165 1378 l'eie·

146 1407 224 1464 aione
236 1407 280 1464 del
293 1408 369 1476 noga
380 1407 495 1472 novello.
507 1423 522 1462 e
534 1405 584 1462 ebe
594 1422 650 1464 non
662 1405 795 1478 sappiarno
808 1413 892 1478 panio
904 1410 968 1480 qual
976 1425 1019 1464 era
1027 1409 1159 1478 i'oepelln

142 1492 292 1566 principale
303 1495 371 1550 della
385 1493 526 1564 legatione.
538 1509 584 1566 per
595 1492 638 1552 cni
651 1493 685 1550 da
697 1492 784 1551 Guido
797 1511 841 1550 cra
855 1500 922 1552 slalo
942 1493 1097 1565 i'Alighieri
1116 1495 1161 1552 in-

145 1580 218 1638 rialo
230 1598 245 1637 a
256 1579 380 1642 venezia:
392 1579 418 1636 2.
431 1579 480 1638 ebe
492 1597 547 1637 non
558 1579 573 1636 ὸ
585 1587 667 1653 pnnlo
682 1579 858 1653 improbabile
870 1581 920 1640 ebe
926 1598 1049 1655 appresso
1056 1584 1080 1638 la
1088 1598 1161 1640 mor·

145 1674 173 1725 le
185 1668 314 1740 d'brrisso.
326 1667 424 1739 segnila
445 1667 486 1723 nel
502 1665 584 1732 1³1³,
597 1673 696 1740 polone
709 1668 805 1734 Dante,
817 1669 927 1738 perdrcla
948 1668 1012 1738 opni
1031 1685 1078 1726 aua
1100 1684 1160 1740 ape-

145 1771 234 1821 ranaa,
247 1751 372 1824 rilnggire
384 1754 417 1808 ad
430 1770 467 1808 nn
480 1749 583 1818 Gnello,
596 1771 673 1811 enine
684 1751 773 1826 poncia
787 1753 931 1826 riiuggirci
943 1755 971 1811 di
984 1753 1059 1818 ialin.
1077 1771 1092 1812 e
1110 1772 1157 1812 oo·

145 1859 190 1899 me
202 1859 248 1913 per
260 1842 276 1897 l·
286 1842 391 1899 innanzi
404 1858 467 1898 arca
480 1839 607 1911 riluggilo
619 1843 644 1897 al
658 1841 812 1914 Malaspina.
825 1859 839 1898 e
851 1859 866 1898 a
879 1841 1018 1910 Paganod'
1027 1843 1161 1916 aquilejae

146 1930 173 1986 3.
186 1929 234 1986 ebe
246 1928 314 1986 forse
326 1945 371 2002 per
384 1944 421 1984 en
437 1927 550 2000 qualche
568 1928 700 1999 diaeapore
718 1927 767 1984 ebe
785 1927 1030 1998 precedentemenle
1047 1927 1159 1985 &aava

144 2015 185 2072 lca
198 2013 332 2072 Gnidoei
352 2012 501 2077 Veneriani.
520 2011 584 2071 acra
603 2015 693 2087 qucgli
713 2013 852 2086 indusiato
872 2033 886 2072 a
907 2013 1035 2072 mandare
1052 2031 1091 2071 nn
1108 2029 1157 2070 auo

145 2103 245 2174 hssalo
256 2119 271 2159 a
284 2100 406 2166 venezia.
418 2101 437 2158 ii
449 2101 527 2174 quale
538 2108 631 2173 potera
644 2108 761 2174 appunlo
772 2118 854 2159 essere
864 2107 933 2159 stain
944 2103 979 2158 da
999 2101 1037 2158 lni
1057 2101 1157 2160 incari-

143 2197 207 2250 eaio
220 2191 247 2248 di
260 2190 379 2246 trallarri
392 2190 417 2246 le
429 2188 576 2248 conditioni
589 2188 656 2246 della
670 2206 732 2262 paee
744 2207 759 2246 e
771 2187 970 2246 dell'arniciaia.

181 2279 211 2334 lo
223 2295 279 2336 non
291 2274 428 2335 aliermerb
441 2293 487 2348 per
498 2284 589 2348 quaele
601 2277 702 2346 regioni
715 2278 764 2334 cbe
776 2279 800 2334 la
814 2279 918 2334 Letiera
931 2281 1093 2350 apparlenga
1113 2277 1159 2334 in·

142 2365 337 2424 dubbiamenle
346 2365 372 2422 al
385 2370 473 2422 nostro
483 2363 623 2435 Aligbicrn
636 2381 681 2420 rna
694 2364 780 2436 parmi
793 2369 869 2436 poler
886 2363 1043 2423 concludere
1062 2363 1111 2420 ebe
1129 2380 1157 2422 ae

16 2430 19 2534 Ζ
141 2468 200 2511 non
212 2452 334 2511 abbiamo
347 2449 458 2508 mannii
471 2451 616 2515 ammenti
629 2467 676 2522 per
687 2451 757 2509 dicia
770 2451 896 2524 genuina,
908 2465 964 2510 non
980 2467 1014 2509 ne
1032 2447 1157 2508 abbiamo

144 2560 163 2602 a
176 2539 325 2601 wfficienaa
337 2556 384 2614 per
394 2539 514 2598 essentia
525 2537 649 2613 apocrifa.
