2890 4978
512 417 585 492 'eet
726 440 769 491 un
794 435 942 490 rounam
968 437 1110 499 muoso

412 545 505 632 tioni,
520 549 576 619 aed
593 546 831 618 armonieantes
847 544 959 627 verba,
976 567 1076 638 opera
1092 567 1151 617 sua
1173 545 1327 620 cautiones
1345 569 1387 618 oo-

413 671 497 734 cant·
514 673 546 733 et
563 663 663 734 etiam
681 661 761 733 talia
776 661 879 734 verba
897 660 932 730 in
949 656 1104 732 chartulis
1120 662 1235 756 absque
1249 663 1384 756 probatore

408 777 553 873 jaoentia
570 779 746 851 cantiones
772 785 938 858 vocamuot
964 787 997 848 et
1023 773 1098 848 ideo
1123 777 1236 880 Cautio
1260 777 1302 846 nii
1322 777 1384 848 aliud
1414 790 1415 808 ¹

411 915 479 962 esse
495 893 632 978 videtur,
648 916 748 988 mam
765 892 853 962 aetio
874 891 1036 983 completa
1060 889 1209 962 dictantis
1230 890 1317 960 umba
1336 912 1384 958 no

411 1003 587 1075 dulationis
605 1007 817 1076 armoniuata.
834 1007 1041 1099 Quapropter
1057 1015 1128 1076 tam
1144 1005 1311 1084 Cautiones,
1329 1023 1385 1096 pou

411 1137 500 1187 nune
526 1127 711 1203 maommus,
735 1141 836 1214 mam
861 1117 1014 1202 Ballatas,
1039 1131 1072 1191 et
1097 1119 1233 1200 Sonitus,
1256 1117 1384 1188 etomuia

411 1230 640 1327 cujuscumque
658 1233 747 1304 modi
766 1234 867 1305 verba
884 1233 949 1304 sint
966 1233 1169 1306 armoniaata
1193 1232 1346 1326 vulgariter
1362 1241 1383 1299 et

333 1329 339 1340 ¹
411 1345 614 1437 regulariter,
631 1346 806 1418 Cantiones
821 1369 888 1416 esse
904 1347 1060 1418 dicemus
1078 1347 1140 1419 Sed
1156 1343 1231 1441 quia
1252 1345 1310 1415 sola
1328 1341 1385 1414 Vul-

410 1455 504 1550 garia
520 1459 725 1542 ventilamus,
751 1459 899 1553 regulata
923 1459 1117 1556 linquentes,
1142 1460 1273 1531 dicimus
1294 1457 1384 1549 voga-

412 1571 499 1643 rium
516 1577 709 1646 Poematum
725 1597 830 1645 unum
847 1599 914 1646 eme
931 1597 1131 1668 supremum,
1147 1577 1231 1669 quod
1254 1597 1303 1668 per
1320 1593 1385 1664 supe

412 1687 657 1759 rexeeilentiam
672 1689 868 1760 Garutiouom
883 1711 1048 1770 vocamus:
1074 1691 1162 1785 qood
1186 1699 1284 1760 autem
1304 1707 1383 1777 supro

412 1825 504 1870 mum
521 1802 599 1896 quid
616 1803 663 1872 sit·
674 1803 801 1885 Cautio,
820 1804 854 1872 iu
871 1804 968 1873 tertio
994 1804 1093 1898 hujus
1118 1803 1195 1876 libri
1219 1799 1336 1896 capitulo
1353 1805 1384 1866 est

411 1915 595 2008 probatum.
630 1919 673 1986 Et
706 1917 862 2012 quoniam
887 1919 973 2012 quod
998 1916 1175 1990 diffinitum
1199 1926 1256 1997 est,
1278 1911 1383 2008 pluribus

410 2031 561 2121 generale
579 2029 736 2115 videatur,
763 2043 960 2102 resumentes
984 2027 1161 2103 diffinitum
1182 2031 1250 2128 jam
1270 2023 1381 2121 generale

414 2143 622 2224 vocabulum,
641 2167 699 2238 per
715 2146 872 2239 quasdam
890 2145 1090 2216 differentias
1107 2146 1220 2228 solum,
1235 2143 1308 2238 quod
1327 2137 1384 2232 peti·

412 2281 493 2338 mus,
509 2259 754 2353 distinguamus.
770 2260 921 2331 Dicimus
936 2284 1015 2353 ergo
1031 2263 1118 2356 quod
1135 2259 1253 2340 Contio,
1263 2265 1385 2352 proututt

410 2373 605 2466 quaerimus,
624 2373 833 2468 inquantum
850 2399 910 2468 per
935 2376 1252 2470 superexoellentiam
1274 2369 1386 2444 diones

368 2498 377 2512 ·
411 2499 458 2556 est
474 2488 659 2583 aequalium
675 2488 869 2560 stantiamm
885 2489 954 2562 sine
972 2490 1177 2583 responsorio
1194 2490 1231 2562 ad
1244 2507 1323 2558 unam
1331 2501 1387 2551 sen·

411 2603 548 2674 tentiam
567 2603 692 2698 tragica
710 2603 908 2699 conjugatio,
925 2615 961 2675 ut
978 2626 1036 2676 uos
1053 2604 1254 2687 ostendimus,
1268 2621 1327 2672 mu
1346 2593 1387 2666 di·

410 2718 527 2790 ximus:

358 2827 361 2834 ’
486 2834 609 2914 Doooe,
627 2837 680 2903 cle
697 2845 782 2904 ovete
798 2837 949 2905 intelletto
964 2835 995 2906 d'
1010 2835 1137 2906 Amore.
1288 2906 1292 2917 ,

379 3031 384 3040 ¹
411 2949 453 3014 Et
470 2948 515 3016 sio
533 2959 620 3040 patet
637 2949 714 3043 quid
732 2951 849 3020 Cautio
866 2952 916 3032 sit,
934 2961 966 3021 et
992 2936 1088 3044 prout
1114 2947 1266 3044 accipitur
1285 2957 1389 3038 genera·

410 3059 494 3139 liter,
512 3073 544 3129 ot
560 3073 655 3152 prout
673 3085 732 3154 per
746 3066 1068 3156 superexcellentiam
1092 3085 1244 3135 vocamus
1264 3079 1335 3132 eumz
1353 3071 1390 3120 Ω·

410 3172 450 3242 tis
467 3173 567 3243 etium
586 3185 699 3267 patere
716 3178 853 3258 videtur,
871 3180 949 3272 quid
968 3179 1181 3272 intelligimus
1198 3201 1267 3248 euru
1288 3165 1389 3241 Catii<t

408 3311 486 3356 uem
512 3311 675 3370 vocamus,
701 3301 733 3362 et
758 3316 817 3384 per
842 3317 1046 3389 consequens,
1072 3295 1151 3388 quid
1176 3293 1216 3364 sit
1241 3290 1290 3361 ille
1311 3279 1387 3354 taos

408 3425 505 3494 quom
532 3403 636 3496 ligare
662 3405 827 3475 molimur.
853 3409 946 3493 Quod
973 3419 1082 3479 autom
1108 3407 1260 3486 dicimus,
1284 3391 1389 3486 Trogica

408 3517 595 3609 eonjugatio
612 3530 667 3588 est:
684 3519 762 3612 quia
787 3543 863 3590 oum
889 3521 1013 3592 oomioe
1039 3523 1096 3592 fiat
1122 3520 1202 3591 haec
1225 3505 1387 3608 conjugatio

407 3626 610 3702 Cantilenam
627 3625 784 3702 'vocamus
802 3656 861 3727 per
876 3635 1139 3717 diminutionem,
1156 3635 1195 3706 de
1211 3629 1388 3729 quainqtffl·

407 3751 441 3808 to
459 3739 554 3837 bojon
572 3755 709 3816 tractare
727 3745 933 3821 intendimus
