3034 4986
485 473 554 540 ’ΜΞ
801 493 983 540 rrrsrorsn

382 602 487 672 bubus
513 596 611 672 lsrael
636 596 737 666 factus
762 601 817 666 es?
843 595 998 690 unxitque
1031 595 1194 666 Dominus
1220 595 1256 664 in
1282 617 1400 689 regem.

384 711 523 786 etmisit
544 713 679 782 tollens
705 709 741 780 in
768 709 821 781 via
849 719 881 780 et
906 709 969 780 ait:
997 711 1079 782 vade
1104 722 1136 780 et
1164 709 1314 781 interfice
1336 733 1405 804 peo-

276 921 281 938 .
383 843 510 902 catores
535 824 745 904 Amalechl„
772 827 859 894 Nam
886 835 918 894 et
943 835 978 894 tu
1006 824 1040 894 in
1067 847 1180 918 regem
1205 839 1404 902 sacratmcs

382 953 418 1010 ut
444 937 603 1010 Amalech
630 937 800 1032 percutias
818 950 850 1007 et
867 939 976 1048 Agagi
1004 961 1119 1031 parcas
1144 939 1298 1018 minime,
1315 953 1407 1034 atquc

383 1054 549 1126 ulciscaris
575 1053 683 1133 Illum,
700 1052 757 1145 qui
784 1051 874 1121 misit
899 1063 942 1133 te,
958 1053 998 1123 de
1022 1064 1119 1145 gente
1136 1053 1263 1126 brutali
1281 1055 1360 1144 (35),
1376 1065 1407 1123 et

383 1170 423 1238 de
439 1168 633 1240 festinasua
647 1165 867 1238 sollemnitate
886 1165 968 1259 (36).

363 1443 366 1449 -
459 1399 493 1465 θ.
520 1397 569 1466 Tu
596 1395 775 1468 Mediolani
802 1407 872 1468 tarn
899 1399 1068 1470 remando
1099 1419 1203 1492 quam
1236 1396 1413 1469 hiemando

385 1511 535 1592 moraris,
552 1523 583 1582 et
600 1511 740 1605 hydram
759 1513 947 1606 pestiferam
964 1533 1023 1610 per
1039 1511 1187 1604 capitum
1211 1511 1417 1605 amputatio·

386 1649 462 1698 nem
478 1625 560 1696 reris
576 1625 787 1719 extinguere?
797 1628 921 1712 Quodsi
940 1627 1109 1722 magnalia
1127 1625 1265 1718 gloriosa
1276 1625 1420 1698 Alcides

351 1819 354 1828 ,
386 1740 605 1823 recensuisses,
622 1751 664 1821 te,
681 1750 718 1811 ut
735 1739 841 1823 illum,
859 1741 927 1813 salli
946 1763 1165 1836 cognoscerer,
1180 1739 1230 1810 cni
1253 1739 1417 1832 madeus

384 1857 522 1937 animal,
540 1856 646 1949 capite
664 1855 866 1950 repullulans
883 1858 955 1949 (37)
976 1855 1163 1949 multiplici,
1174 1879 1229 1948 per
1245 1855 1416 1926 damnum

262 2026 268 2038 .
386 1970 561 2052 crescebat,
577 1970 681 2040 donee
701 1969 932 2062 magnanimus
949 1970 1037 2052 ritae
1064 1969 1264 2063 principium
1289 1991 1415 2062 ampu-

388 2083 470 2154 tnvit
489 2084 569 2175 (38).
587 2086 661 2154 Non
678 2083 767 2153 euim
785 2085 826 2155 nd
844 2085 978 2155 arbores
995 2083 1221 2176 exstirpanda
1238 2082 1327 2154 vater
1343 2083 1421 2176 ipa

370 2217 558 2284 ‚ramorum
585 2195 711 2279 incisio,
735 2199 816 2293 quia
843 2197 961 2269 iterum
989 2196 1207 2291 multiplicius
1232 2197 1424 2294 viscum

388 2321 571 2380 tumescent
612 2331 782 2406 quousque
825 2311 951 2384 radices
984 2311 1166 2383 incolumes
1199 2309 1347 2394 fuerint,
1389 2325 1425 2384 ut

284 2431 286 2436 '
389 2425 567 2517 praebeant
593 2417 798 2498 alimentum.
823 2427 889 2513 Qui
916 2449 1030 2520 praees
1054 2426 1151 2496 unice
1177 2427 1307 2496 mundo
1333 2427 1422 2518 (³9).

388 2539 467 2634 qnid
501 2541 573 2634 (to)
600 2531 764 2634 peregisse
791 2539 1057 2634 praeeoniaberis
1083 2539 1182 2632 (dm
1208 2541 1323 2627 Quum
1347 2561 1426 2610 cer·

392 2656 501 2726 vicem
527 2655 711 2726 Cremonae
743 2655 815 2748 (42)
848 2653 1020 2726 deflexeris
1050 2653 1275 2734 mammam,
1307 2673 1422 2722 nonne

391 2781 470 2842 tunc
497 2771 568 2865 (43)
595 2771 647 2841 vel
674 2770 747 2864 (dl)
774 2768 907 2842 Brixiae
940 2770 993 2841 rel
1019 2769 1142 2861 Papiae
1167 2769 1278 2840 rabies
1308 2767 1425 2860 inopi-

392 2909 436 2957 na
453 2889 634 2980 turgescet?
652 2886 774 2956 immo!
790 2887 893 2971 Quae,
918 2875 1020 2980 quum
1045 2881 1119 2976 (t5)
1138 2881 1305 2978 flagellum
1334 2903 1427 2951 rue·

393 2997 489 3081 derit,
515 3019 594 3068 mox
618 2995 686 3069 alia
712 2997 882 3080 verdellis,
909 2998 963 3070 vel
989 2996 1155 3092 Pergami.
1182 2997 1235 3068 vel
1262 2994 1347 3066 alibi
1374 3017 1427 3065 re·

398 3109 564 3203 tumebit,
597 3112 702 3182 donec
727 3109 917 3206 hujusmodi
952 3110 1062 3182 rabies
1096 3111 1242 3192 tolletur.
1284 3121 1317 3180 et
1349 3111 1426 3202 (46)

394 3224 506 3296 radice
523 3223 607 3296 tanti
624 3225 746 3296 erroris
763 3226 887 3308 armac
913 3247 990 3298 cum
1016 3235 1132 3298 trunco
1159 3225 1247 3298 rami
1277 3245 1428 3318 pungen-

393 3353 441 3411 tes
459 3341 532 3434 (tr)
550 3352 709 3412 arescant

474 3461 507 3525 7.
533 3456 586 3526 An
611 3455 753 3550 ignoras,
779 3454 1049 3528 excellentissime
1074 3453 1279 3548 Principum.
1302 3477 1366 3526 nec
1389 3455 1430 3524 de

399 3567 532 3664 specula
547 3591 696 3642 mmmae
713 3570 915 3644 celsitudinis
930 3569 1156 3666 deprehendis,
1172 3569 1233 3640 ubi
1249 3569 1429 3664 vulpeum

401 3683 534 3756 foetoris
550 3684 653 3768 istius,
663 3685 857 3760 venantium
873 3707 996 3767 secura
1013 3683 1356 3778 recmnbrttouippe
1372 3705 1431 3752 nec

400 3797 489 3868 Pado
504 3797 688 3893 praecipiti,
705 3823 766 3872 nec
783 3800 895 3872 Tiberi
913 3809 970 3871 tuo
986 3798 1165 3870 criminosa
1191 3807 1296 3892 polet,
1312 3819 1429 3868 reru·

402 3912 500 3986 Sarni
518 3913 639 3986 fluenta
655 3915 808 3989 torrentis
824 3915 931 3988 adbuc
948 3913 1031 3986 ritis
1046 3937 1106 3984 sur
1123 3913 1197 4006 (48)
1217 3911 1384 3990 infletum
1399 3923 1432 3980 et

401 4028 572 4104 Florentia
590 4031 662 4126 (to)
680 4031 781 4122 (forte
795 4030 937 4126 nesciet)
949 4027 1113 4104 dirrhaec
1131 4026 1294 4125 pernicies
1303 4049 1432 4098 rum-
