3034 4986
752 536 962 612 mussona
986 536 1011 608 l.

376 787 545 846 nutam
561 785 762 842 msronmmr
778 763 826 860 (1)
842 782 1071 840 ruomnrmns
1087 781 1176 835 mm
1193 779 1413 842 murus.

428 906 493 958 rna
508 905 668 958 rurum
684 901 857 954 usurum
872 899 1038 965 suumn,
1054 901 1099 954 ur
1115 898 1334 952 aarum
1350 895 1412 948 ua·

428 1020 562 1072 mrarrs
578 1015 750 1072 manaan

457 1231 489 1296 1.
506 1223 677 1298 uncum
693 1225 739 1319 (2)
756 1223 945 1296 ineeudium
959 1233 1036 1297 turae
1051 1220 1243 1294 dilectionis
1263 1219 1411 1292 verbum

380 1338 595 1414 confidentiae
610 1339 813 1412 vehementis
829 1363 850 1411 a
864 1361 930 1420 me,
947 1339 983 1409 in
999 1329 1073 1434 quo
1082 1337 1294 1420 conmluisti,
1312 1333 1414 1406 earis-

380 1453 474 1538 sime,
483 1463 594 1525 utrum
602 1454 644 1525 de
654 1453 802 1547 passione
811 1453 846 1522 iu
863 1453 1049 1548 passionem
1065 1451 1166 1548 possit
1182 1450 1302 1524 anima
1322 1459 1416 1522 unn-

381 1571 594 1654 slormari,da
611 1569 760 1665 passione
777 1572 812 1638 iu
824 1569 1007 1663 passionem
1023 1569 1098 1640 dieo
1114 1567 1293 1640 secundm
1312 1587 1415 1636 eam-

381 1689 457 1758 dem
475 1685 665 1778 potentiam,
675 1695 707 1756 et
723 1683 852 1780 objecta
867 1683 996 1755 diversa
1013 1681 1221 1764 uumem‚sed
1239 1703 1308 1750 non
1325 1701 1410 1773 npe-

383 1799 449 1880 eie:
467 1801 563 1896 (prod,
580 1799 730 1894 quamvis
747 1823 786 1868 ex
803 1821 860 1870 ore
876 1807 932 1870 tuo
944 1799 1065 1894 justius
1081 1797 1210 1894 prodire
1223 1795 1399 1875 debuerat,

384 1911 601 1986 nihilominus
617 1937 670 1984 me
688 1912 776 1984 illius
793 1923 960 1984 auctorem
977 1914 1083 1986 iacere
1099 1909 1240 1992 uoluisti,
1255 1905 1347 2000 atiel
1358 1905 1397 1976 iu

383 2027 605 2098 declaratione
623 2027 670 2096 rei
688 2025 828 2097 uiuuium
845 2025 1013 2098 dubitatae
1030 2026 1076 2120 (l)
1092 2024 1228 2097 titulum
1252 2022 1319 2094 nei
1341 2043 1405 2090 no-

387 2141 488 2216 minis
504 2141 688 2234 umpliares.
699 2143 771 2212 Hoc
789 2141 911 2212 etenim
927 2164 1029 2236 quam
1042 2141 1228 2236 jucundum
1239 2141 1408 2234 (dlquam

387 2262 568 2348 acceptum,
584 2277 748 2350 quamque
763 2265 895 2350 gratum
912 2254 1064 2336 extiterit,
1080 2255 1202 2350 absque
1219 2253 1411 2348 importum

386 2369 611 2444 deminutione
627 2371 730 2444 verba
755 2393 821 2442 nou
844 2369 979 2463 capiunt
1004 2369 1060 2464 (6)
1078 2370 1161 2452 ideo
1179 2391 1284 2441 musa
1308 2365 1412 2438 eonti-

378 2485 515 2557 ‘ceutiee
531 2483 630 2581 hujus
645 2485 799 2580 inspecta,
809 2484 878 2580 ipse
894 2485 981 2580 quod
999 2507 1064 2558 nou
1081 2483 1282 2580 exprimitur
1297 2481 1410 2557 metia-

387 2624 443 2676 rrs.
1373 2613 1379 2626 '

466 2835 499 2900 Ξ.
516 2831 684 2912 Redditur,
701 2854 786 2914 eece,
803 2853 911 2904 sermo
928 2831 1113 2926 Calliopeus
1124 2831 1171 2924 (7)
1183 2828 1404 2924 inferiusque

388 2943 623 3016 sententialiter
647 2944 786 3027 canitur,
810 2969 1013 3042 quamquam
1038 2945 1297 3037 transsumptive
1324 2965 1407 3015 more

388 3057 517 3151 poetioo
533 3057 686 3150 signetur,
704 3057 864 3130 intentum
880 3081 1029 3132 amorem
1053 3057 1150 3153 hujus
1166 3059 1214 3150 (8)
1233 3080 1330 3151 posse
1346 3067 1403 3124 tor·

390 3191 520 3264 pestere
544 3181 640 3264 atque
664 3172 803 3268 denique
829 3173 962 3245 interire
980 3175 1038 3266 (9),
1062 3195 1123 3243 neu
1149 3193 1214 3240 uon
1234 3171 1313 3266 (10)
1328 3167 1403 3266 (ωδ

390 3282 558 3378 corruptio
582 3283 679 3357 unius
704 3285 872 3381 generatio
897 3285 940 3357 sit
964 3285 1099 3358 alterim
1123 3285 1159 3356 iu
1176 3285 1296 3357 anime
1314 3285 1405 3357 reior-

391 3397 475 3470 mati
491 3397 573 3492 (11).

468 3513 500 3582 3.
517 3513 561 3584 Et
585 3511 664 3584 fides
688 3512 802 3607 hujrn,
827 3535 1029 3608 quamquam
1053 3511 1095 3582 sit
1127 3511 1173 3586 ab
1208 3507 1405 3604 experientia

391 3647 592 3718 persuasum,
608 3625 739 3697 ratione
756 3637 860 3720 potest
877 3636 909 3697 et
926 3627 1119 3697 auuoritate
1144 3623 1282 3696 muniri.
1297 3621 1405 3696 Omnis

391 3741 480 3811 enim
498 3741 654 3835 potentia,
669 3764 753 3837 quae
770 3752 842 3836 post
858 3741 1102 3835 corruptionem
1118 3738 1215 3812 unius
1231 3753 1325 3812 urtrrs
1349 3759 1403 3808 non

391 3851 527 3946 deperit,
545 3854 739 3946 naturaliter
755 3865 940 3928 reservatur
958 3856 993 3926 in
1009 3855 1122 3926 alium.
1139 3857 1231 3949 Ergo
1249 3851 1400 3948 potentiae

391 3965 574 4050 sensitirae,
583 3979 737 4042 manente
752 3991 888 4066 organo,
898 3993 956 4064 per
973 3970 1218 4066 oorrnptiouem
1236 3971 1307 4066 eju
1321 3977 1397 4040 adut
